5584 7900
841 1123 914 1184 120
1186 1095 1535 1178 socrurrru
1575 1095 1608 1171 a
1648 1054 2119 1188 cornazrosrr,

843 1283 976 1368 quaestu
1002 1277 1186 1344 contentus
1211 1283 1285 1340 erat
1307 1289 1317 1342 :
1338 1265 1397 1363 qui
1423 1265 1507 1343 nulli
1531 1262 1699 1342 afferebat
1721 1263 1906 1340 iniuriam.
1931 1261 2020 1338 Satis
2044 1258 2106 1337 sibi
2132 1282 2299 1359 superque
2341 1281 2418 1344 erat
2452 1265 2477 1342 si

840 1393 877 1445 se
902 1370 1054 1444 liberos:
1083 1367 1258 1442 Uxorem:
1286 1389 1402 1442 seruos
1425 1373 1568 1444 educare
1595 1371 1784 1463 potuisset:
1810 1365 1850 1438 ld
1874 1369 1969 1460 quod
1993 1376 2047 1436 est
2070 1361 2195 1457 optimi
2238 1361 2341 1457 patris
2376 1361 2479 1438 farni-

839 1470 929 1544 lias.
957 1467 1144 1542 Nonetat
1169 1470 1203 1538 in
1229 1489 1276 1541 eo
1300 1467 1393 1544 locus
1417 1469 1600 1546 Avaritiae.
1617 1471 1702 1541 Non
1725 1483 1778 1541 est
1800 1462 1857 1537 illa
1873 1461 2033 1538 Nestoris
2049 1461 2122 1537 lans
2146 1460 2299 1543 silentio,
2314 1483 2480 1556 pratere-

775 1619 778 1629 ·
840 1571 957 1644 unda:
984 1567 1073 1641 Cum
1101 1564 1348 1662 nullapraemii
1371 1590 1433 1665 spe
1458 1564 1653 1661 compulsos
1677 1565 1714 1638 in
1733 1563 1899 1638 discendis
1922 1562 2044 1637 litteris
2071 1558 2386 1658 multisJuvenibus
2411 1566 2480 1640 So·

840 1670 941 1742 cius:
968 1665 1114 1740 Adiutor
1140 1688 1182 1740 ue
1206 1663 1297 1742 fuit:
1323 1669 1381 1765 qui
1408 1672 1570 1764 inquam
1596 1664 1726 1763 frugem
1751 1662 1946 1738 evaserint:
1973 1663 2092 1736 Nemo
2118 1663 2280 1760 ignorat:
2310 1663 2401 1736 Cum
2433 1666 2478 1737 ab

839 1767 997 1842 omuibus
1022 1687 1214 1840 liberaiirum
1239 1766 1375 1840 Artium
1402 1763 1593 1858 peritissimi
1619 1781 1831 1838 censeantur
1851 1811 1863 1834 .
1887 1759 2029 1833 Nullum
2056 1766 2174 1855 potuit
2200 1765 2307 1837 maius
2333 1759 2398 1836 illrs
2414 1762 2479 1838 Be·

842 1863 1001 1940 neficium
1029 1867 1218 1940 humanitas
1242 1887 1302 1938 sua
1326 1865 1487 1939 conferre
1512 1887 1615 1958 quam
1641 1865 1699 1956 qui
1724 1862 1879 1937 omnium
1895 1861 2000 1934 litter.
2023 1879 2122 1935 etant
2147 1864 2477 1962 ignari.atquees·

838 1984 979 2062 pestes:
1006 1965 1074 2038 Eos
1101 1960 1343 2058 peritissimos:
1369 1965 1658 2059 doctissimosque
1685 1963 1843 2036 Reddere
1861 1961 2051 2054 .Corpotis
2079 1960 2171 2033 bona
2194 1984 2267 2034 non
2292 1961 2372 2034 nulli
2399 1963 2476 2054 pbi-

840 2064 979 2159 losophi
1005 2077 1311 2156 contempserunt:
1338 2077 1377 2135 et
1402 2061 1437 2136 bi
1462 2062 1603 2160 quidem
1627 2060 1757 2135 stoici:
1782 2060 1901 2154 quibus
1932 2081 2145 2155 nequaquam
2172 2060 2364 2136 assentior.
2389 2064 2478 2134 Cum

700 2215 701 2218 =
838 2163 946 2239 Teste
973 2177 1078 2256 poeta
1109 2159 1303 2234 Mantuano
1326 2161 1467 2238 (iratior
1490 2161 1536 2234 sit
1560 2157 1702 2254 pulchro
1726 2161 1893 2235 ueniens:
1917 2158 1953 2230 in
1978 2181 2127 2252 corpore
2164 2161 2294 2235 virtus.
2320 2160 2431 2234 Erant
2454 2161 2480 2234 i·

838 2267 930 2362 gitur
955 2265 990 2334 in
1019 2261 1171 2336 Nestore
1198 2255 1321 2334 forma
1352 2261 1538 2360 Dignitas:
1566 2259 1663 2332 Vires
1681 2282 1696 2333 :
1711 2257 1891 2333 velocitas
1915 2258 2056 2356 egregia
2081 2258 2232 2334 honestis
2247 2259 2479 2336 exercitatio-

839 2365 937 2438 nibus
963 2377 1088 2456 parta.
1116 2358 1214 2434 Adde
1253 2358 1505 2437 valitudinem:
1528 2380 1630 2455 qnam
1655 2356 1716 2432 sibi
1741 2381 1784 2434 ex
1810 2377 1976 2455 perpetua
2016 2356 2194 2454 diligentia
2229 2374 2268 2433 et
2293 2358 2482 2453 Cupidita-

739 2473 742 2478 “
841 2477 917 2535 tum
944 2460 1184 2554 Temperantia
1210 2478 1494 2554 comparaverat.
1522 2456 1639 2532 Multa
1664 2456 1746 2531 mihi
1773 2459 1816 2532 de
1842 2452 1912 2546 eius
1940 2457 2103 2533 Laudibus
2128 2475 2207 2533 sunt
2234 2462 2269 2534 in
2296 2476 2479 2555 promptu:

782 2569 787 2579 “
841 2582 917 2655 qua
943 2581 963 2632 a
989 2583 1045 2636 me
1072 2557 1243 2634 Consulto
1267 2561 1497 2635 omittuntur:
1527 2577 1573 2632 ne
1598 2558 1739 2630 modum
1780 2570 1928 2632 excedat
1965 2558 2105 2633 oratio.
2131 2562 2244 2653 Quare
2268 2559 2366 2652 plura
2405 2582 2478 2632 non

841 2663 970 2734 Dicam
988 2706 998 2729 .
1017 2659 1107 2732 Satis
1131 2679 1297 2753 superque
1321 2660 1388 2734 sit:
1413 2656 1642 2733 intellexisse:
1671 2659 1760 2730 lianc
1787 2657 1947 2732 Animam
1972 2661 2015 2733 ad
2040 2657 2150 2750 ipsum
2176 2660 2350 2732 Doctrina
2378 2658 2479 2732 uber·

791 2797 794 2804 ⁴
842 2761 992 2833 timum:
1018 2780 1058 2833 ac
1086 2756 1313 2851 plenissimum
1341 2759 1488 2834 Fontem
1514 2753 1624 2845 eujus
1649 2756 1800 2831 haustu:
1825 2778 1867 2831 ac
1893 2775 1979 2852 potu
2006 2772 2214 2849 conceptam
2241 2757 2420 2830 uisceribus
2435 2761 2481 2829 si·

843 2860 907 2932 tior
933 2857 1057 2930 sedat:
1084 2855 1149 2932 iter
1172 2857 1381 2952 suscepisse.
1410 2862 1457 2932 At
1484 2858 1599 2932 Unum
1638 2878 1813 2955 quemque
1849 2857 2017 2934 obsecro:
2047 2874 2086 2933 ut
2109 2854 2292 2950 lachrymis
2327 2856 2478 2954 Tempe·

795 3013 799 3022 ,
844 2969 924 3033 ret:
950 2975 993 3030 ue
1018 2953 1106 3032 illins
1131 2951 1308 3033 felicitati
1333 2956 1545 3036 subinvidcre
1570 2955 1748 3035 videatur.

1548 3157 1701 3260 Dixi.
1761 3239 1765 3253 1

1280 3427 1328 3507 In
1360 3430 1506 3511 Funere
1535 3423 1769 3544 Hieronymi
1796 3404 2019 3508 Rauracis

796 3639 998 3824 Vellem
1025 3641 1181 3721 Christus
1208 3645 1358 3740 optimus
1383 3651 1554 3726 maximus
1569 3649 1706 3727 fecisset
1720 3647 1906 3726 Clarissimi
1931 3649 1994 3724 viri
2020 3664 2060 3724 ut
2083 3647 2301 3746 Hieronymo
2326 3651 2480 3726 Ranutio

820 3788 836 3832 ⁴.
916 3747 1051 3839 probis
1076 3768 1152 3842 quae
1178 3749 1212 3820 in
1239 3748 1393 3842 rempub.
1408 3751 1555 3825 contulit
1580 3751 1751 3824 beneficiis
1774 3752 1853 3826 vivo
1878 3751 1992 3845 potius
2019 3751 2144 3842 gratias
2158 3771 2354 3850 ageremus:
2379 3773 2481 3847 quam

843 3862 1017 3918 mortuum
1044 3843 1147 3920 laude
1170 3845 1417 3923 celebraremus
1432 3899 1443 3921 .
1458 3851 1571 3923 Tanta
1597 3847 1661 3922 fuit
1682 3848 1752 3922 fide
1776 3855 1812 3922 in
1837 3846 2001 3939 familiam
2024 3851 2231 3926 bentivolam
2258 3870 2296 3924 ut
2318 3848 2371 3921 illi
2400 3873 2482 3944 pau·
2591 3910 2592 3952 q

842 3966 906 4023 cos
930 3939 1113 4041 prescias..
1127 3946 1223 4023 ,Non
1248 3947 1357 4044 ipsunt
1385 3948 1434 4023 vis
1457 3947 1570 4024 morbi
1595 3970 1668 4025 uon
1694 3949 1798 4022 animi
1824 3949 1992 4046 egritudo
2015 3948 2059 4025 ab
2083 3947 2141 4030 illa
2162 3949 2341 4048 seiungere
2356 3950 2488 4045 potuit.

844 4048 947 4123 Ande
975 4060 1118 4139 patriam
1136 4049 1203 4123 :de
1218 4068 1286 4143 qua
1309 4071 1410 4144 quiam
1427 4051 1561 4145 optime
1585 4050 1726 4123 meritus
1750 4044 1853 4125 fuerit
1878 4050 2057 4125 ostendam
2084 4072 2146 4125 suo
2173 4050 2279 4129 loco.
2298 4048 2411 4124 Unum
2435 4048 2479 4120 il·

842 4144 901 4221 lud
930 4145 1013 4217 mrlu
1037 4148 1308 4222 molestissimum
1324 4164 1378 4225 est
1397 4152 1518 4246 :quod
1536 4142 1606 4234 eius
1620 4146 1774 4221 laudibus
1800 4169 1917 4245 parem
1942 4172 2154 4247 nequaquam
2183 4171 2315 4244 possum
2340 4148 2478 4223 oratio·

844 4265 925 4319 nent
951 4238 1074 4323 afferre
1095 4266 1133 4323 ut
1178 4248 1399 4337 maluissem,
1422 4248 1480 4346 qui
1503 4247 1585 4321 mihi
1610 4246 1793 4322 uerborum
1818 4268 1940 4323 ornatu
1965 4268 2003 4323 et
2027 4248 2274 4324 sententiarum
2300 4248 2477 4341 gravitate

846 4344 1088 4435 antecellunt,
1116 4345 1150 4418 bi
1177 4364 1249 4419 tam
1274 4346 1464 4421 officiosam
1493 4344 1704 4439 prouinciam
1743 4346 1803 4420 sibi
1841 4346 2152 4439 depoposcissenr.
2177 4346 2229 4417 Ea
2253 4358 2307 4417 est
2331 4345 2472 4417 dicendi

843 4438 1017 4515 materia:
1042 4440 1077 4520 in
1106 4464 1173 4539 qua
1200 4444 1267 4517 illis
1292 4447 1410 4521 deesse
1438 4442 1578 4519 minime
1602 4446 1767 4537 potuisset
1789 4446 1933 4520 oratio.
1958 4446 2202 4522 Verumtamen
2229 4441 2265 4519 id
2291 4440 2373 4515 mibi
2400 4440 2483 4512 ani·

844 4556 939 4611 mum
966 4534 1086 4612 affert:
1109 4543 1204 4633 quod
1231 4542 1322 4631 apud
1346 4541 1552 4633 equissimus
1576 4536 1702 4626 iudices
1726 4562 1862 4613 musam
1887 4559 1976 4640 ago:
1994 4538 2060 4629 ‘qui
2085 4555 2145 4609 sna
2171 4556 2235 4629 pro
2263 4539 2483 4613 humanitate

759 4712 763 4724 ,
843 4636 872 4711 si
893 4636 1045 4731 ipsorum
1070 4635 1205 4733 auribus
1232 4636 1375 4709 minime
1401 4638 1609 4731 respondero
1634 4658 1747 4711 meam
1769 4638 1838 4713 sint
1851 4638 2036 4733 suscepturi
2061 4634 2316 4711 excusationem
2335 4636 2483 4734 .Quiuis

740 4778 743 4785 ·
845 4751 1014 4833 praterea
1041 4735 1121 4808 milri
1147 4732 1218 4823 iure
1241 4739 1505 4812 succensuisset:
1529 4736 1555 4808 si
1580 4757 1733 4812 eorum:
1756 4733 1816 4829 qui
1840 4735 1929 4828 apud
1962 4758 2018 4807 me
2042 4737 2254 4810 auctoritate
2287 4732 2406 4813 valent
2443 4752 2480 4811 ct

844 4835 1027 4913 uoluntate
1047 4834 1189 4909 minime
1214 4837 1423 4933 accessissem
1448 4836 1649 4910 desiderio.
1669 4838 1817 4908 Parente
1842 4834 2073 4929 Hieronymus
2099 4834 2270 4911 Ranutius
2310 4852 2404 4910 ortus
2427 4851 2481 4909 est

846 4936 1006 5009 Antonio
1032 4932 1106 5007 uiro
1130 4949 1167 5006 ut
1193 4930 1344 5029 plerique
1369 4932 1570 5012 meministis
1594 4950 1632 5011 et
1655 4933 1812 5025 sapiente
1853 4948 1891 5006 et
1930 4934 2072 5029 optimis
2096 4932 2281 5031 disciplinis
2314 4934 2476 5009 erudito.
2591 4941 2592 4944 ’

786 5062 789 5083 ·
844 5032 938 5105 Huic
959 5050 1038 5105 cunr
1065 5030 1288 5126 philosophiae
1313 5052 1352 5111 et
1376 5036 1556 5111 medicine
1579 5036 1716 5110 studere
1740 5029 1968 5130 contigisset:
1994 5032 2022 5107 is
2046 5031 2154 5107 euasit
2187 5049 2228 5106 ut
2243 5099 2246 5106 .
2261 5034 2415 5109 omnium
2436 5047 2479 5106 et

757 5218 760 5223 ¹
843 5152 931 5207 uoce
951 5146 994 5204 ⁴et
1019 5151 1187 5207 consenso
1212 5133 1412 5210 doctoratus
1451 5156 1594 5209 munere
1634 5128 1840 5211 ornaretur'.
1864 5131 2018 5208 Tandem
2043 5153 2087 5209 er
2111 5132 2297 5213 castissima
2338 5130 2479 5207 muliere

843 5252 923 5307 cum
949 5228 1059 5326 plures
1083 5229 1281 5329 suscepisset
1307 5233 1454 5311 liberos:
1483 5237 1573 5309 hunc
1597 5236 1744 5329 suscepit
1769 5234 2046 5329 Hieronymum:
2072 5228 2164 5320 cuius
2188 5234 2285 5307 aetati
2312 5253 2350 5307 ut
2376 5232 2478 5307 robur

843 5331 988 5407 arceant
1013 5350 1155 5428 repente
1180 5332 1387 5428 peritissimis
1414 5334 1726 5433 honestissimisqne
1762 5332 2049 5428 preceptoribus:
2073 5355 2144 5430 quo
2182 5332 2385 5409 indiscendis
2425 5329 2482 5403 lit·

846 5430 927 5509 teris
953 5429 1086 5506 illorum
1121 5447 1276 5525 uteretur
1302 5458 1409 5529 opera
1432 5452 1470 5510 et
1494 5436 1650 5529 prasidio
1675 5437 1712 5509 in
1738 5428 1948 5527 disciplinam
1986 5432 2187 5507 tradendum
2226 5433 2356 5507 curauit
2376 5484 2386 5505 .
2408 5430 2482 5503 Ne·

844 5555 938 5629 queo
953 5531 1070 5608 ‘verbis
1095 5531 1259 5629 consequi
1285 5531 1320 5605 in
1346 5556 1450 5629 quarn
1475 5531 1607 5631 frugem
1632 5533 1807 5609 evaserit.
1833 5533 1973 5605 Morum
1999 5531 2172 5629 elegantia
2197 5534 2316 5628 quibus
2337 5533 2381 5605 sit
2407 5528 2483 5615 lau·

845 5631 942 5705 dibus
967 5628 1141 5709 efferenda
1168 5654 1324 5707 nonnos
1355 5630 1476 5708 fallit.
1507 5635 1582 5708 Hac
1612 5638 1702 5711 adeo
1726 5632 2023 5711 ornatusextitit:
2051 5650 2088 5705 nt
2115 5652 2227 5726 neque
2253 5658 2274 5708 a
2301 5630 2483 5727 prudentia

845 5749 957 5824 neque
994 5753 1014 5802 a
1043 5732 1296 5825 temperantia:
1327 5753 1484 5829 nequea
1512 5732 1677 5830 Justitia:
1703 5755 1815 5830 neque
1840 5754 1860 5803 a
1888 5726 2088 5807 fortitudine
2115 5729 2242 5807 alienus
2276 5747 2482 5825 putaretur.

845 5828 974 5903 Verum
1008 5830 1072 5902 isra
1101 5848 1164 5905 ruo
1199 5830 1280 5907 loco
1311 5830 1593 5927 eprplicabuntut.
1617 5833 1697 5927 ans
1729 5833 1954 5931 grammatica
1981 5849 2019 5907 et
2051 5831 2143 5927 poesi
2174 5830 2389 5925 politissimus
2419 5828 2483 5901 lra-

844 5930 1010 6005 bebatut:
1036 5947 1115 6006 cum
1146 5929 1381 6024 sapientissimi
1409 5949 1447 6007 ct
1476 5933 1661 6007 doctissimi
1697 5932 1758 6007 siri
1786 5928 1949 6025 Baptista
1975 5931 2032 6029 qui
2061 5933 2138 6006 huic
2171 5928 2274 6007 frater
2303 5944 2380 6008 crat
2394 5948 2483 6001 con·

846 6050 943 6105 sensu
969 6026 987 6125 (
1011 6049 1130 6128 patens
1159 6052 1195 6103 n.
1224 6032 1292 6105 vita
1325 6037 1557 6132 excesserat)
1586 6035 1629 6104 ad
1666 6032 1905 6108 dialecticam:
1930 6054 2032 6126 quam
2063 6032 2318 6123 disputatricern
2354 6044 2481 6104 vocant

847 6130 1000 6204 animum
1026 6128 1182 6228 appulit:
1213 6130 1248 6205 irr
1271 6154 1339 6226 qua
1359 6154 1437 6205 curn
1469 6133 1558 6207 baud
1583 6126 1725 6205 multum
1739 6130 1901 6225 temporis
1924 6131 2208 6223 consumpsisset:
2231 6134 2275 6208 ad
2309 6152 2385 6207 eam
2401 6150 2480 6222 qua

848 6230 1039 6305 denatura
1070 6250 1122 6305 est
1150 6230 1327 6307 scientiam
1361 6228 1463 6303 enixe
1492 6253 1633 6327 operam
1657 6230 1852 6325 impartitus
1882 6248 1959 6305 est.
1984 6232 2161 6324 Quantum
2190 6230 2227 6302 in
2250 6255 2293 6309 ea
2324 6224 2480 6327 profece-

847 6329 893 6407 rit
917 6326 996 6403 hiuc
1018 6329 1126 6405 scias.
1155 6331 1239 6409 Non
1275 6331 1368 6409 enirn
1391 6347 1549 6411 octavum
1574 6350 1610 6407 et
1634 6331 1809 6411 decimum
1837 6351 1963 6407 annum
1992 6326 2120 6429 agebat
2152 6350 2230 6407 curn
2263 6354 2284 6407 a
2312 6346 2480 6441 prestan-

2369 6446 2424 6502 trs·
