5584 7900
850 1025 927 1104 iil.
970 1026 1164 1106 ionio
1203 1025 1515 1128 Quanto.
1899 1083 1966 1151 ιη

375 1193 503 1273 tissimo
527 1191 633 1272 totius
662 1192 752 1272 orbis
776 1209 946 1274 terrarum.
966 1197 1117 1296 collegio
1142 1195 1344 1274 bononiensi
1369 1199 1405 1272 iii
1431 1201 1612 1280 doctorum
1648 1227 1823 1296 numerum
1866 1231 2015 1329 adscrip-

374 1310 428 1372 tus
452 1313 535 1372 esta
559 1311 598 1370 ut
622 1290 810 1374 faterentur
834 1318 953 1374 omncs
977 1321 1082 1372 unuin
1107 1302 1253 1374 existere
1276 1300 1467 1394 Juvenem:
1495 1304 1551 1378 cui
1575 1308 1794 1409 Hieioiiymo
1819 1345 1946 1405 nomen
1960 1353 2012 1406 es·

375 1411 453 1472 set:
479 1397 538 1493 qui
564 1392 753 1472 liberalium
780 1395 1029 1492 disciplinarum
1054 1399 1173 1472 studiis
1196 1418 1384 1495 superasset
1410 1417 1550 1478 etatem
1566 1454 1577 1477 .
1594 1410 1674 1486 Nec
1699 1419 1748 1491 liis
1773 1439 1845 1496 tam
1873 1431 2010 1520 praecla-

372 1495 415 1568 ris
440 1495 581 1574 dotibus
604 1511 821 1572 contentus:
845 1499 889 1570 ad
914 1499 1093 1572 medicine
1118 1512 1228 1572 artem
1252 1507 1349 1575 omni
1375 1499 1443 1576 fuit
1467 1522 1549 1576 cura
1562 1507 1713 1586 intentus
1727 1565 1738 1587 .
1754 1523 1855 1598 Adeo
1882 1549 2012 1622 prece·

371 1610 510 1688 prorum
534 1617 673 1670 suorum
699 1595 928 1671 monumentis
954 1615 991 1672 et
1016 1596 1197 1694 preceptis
1223 1619 1264 1672 ac
1290 1601 1443 1693 plurimo
1468 1604 1582 1680 studio
1595 1626 1639 1681 ea
1654 1633 1860 1696 consecutus
1871 1646 1924 1701 cst
1941 1653 1956 1713 ,-
1972 1647 2011 1703 nt

368 1696 503 1774 Xantes
529 1693 749 1772 Bentiiinlus:
777 1715 849 1791 qtio
874 1713 955 1770 ιιιιι
979 1695 1039 1771 illa
1063 1698 1147 1770 ninil
1176 1699 1392 1790 prestantius
1419 1699 1549 1777 viderat
1573 1727 1651 1779 cum
1674 1719 1869 1808 gravissimo
1895 1727 2009 1824 inipli·

368 1815 504 1872 caretur
530 1799 673 1870 morbo:
699 1797 805 1870 adse
831 1796 932 1870 acciri
951 1791 1085 1886 jusserit
1109 1815 1169 1868 sua
1188 1814 1380 1889 exposcens
1404 1800 1679 1882 medicamenta:
1705 1820 1762 1908 qui
1790 1842 1834 1898 oe
1871 1825 2010 1920 togati.

367 1897 497 1971 tudinis
522 1912 637 1970 notam
655 1893 784 1969 tubitet
805 1895 913 1990 ipsum
926 1915 1030 1991 quam
1047 1892 1263 2004 amplissimis
1278 1889 1397 1973 affecit
1410 1902 1602 2008 muneribus
1617 1953 1628 1975 .
1645 1908 1746 1986 Forte
1772 1918 1820 1992 ita
1845 1943 1941 1998 casus
1955 1945 2008 2001 rii·

366 1993 410 2068 lit
437 1997 705 2070 utXanticum
732 1992 1093 2070 Franciscosfoitiar
1120 1995 1238 2089 quiid
1279 2009 1447 2088 temporis
1487 1997 1609 2075 Gallie
1649 2011 1818 2108 cisalpine
1863 2023 2011 2119 impera·

366 2093 429 2168 bat
453 2091 630 2188 complura
655 2110 693 2172 et
731 2113 773 2166 ea
807 2096 947 2190 quidem
988 2092 1223 2168 honestissima
1258 2111 1370 2170 essent
1398 2095 1559 2172 obeunda
1587 2112 1727 2200 negotia
1763 2118 1926 2212 quicum
1946 2128 2008 2198 mi·

367 2215 431 2268 nus
456 2209 617 2290 prospera
642 2207 730 2268 esset
755 2191 953 2268 valaudine
978 2212 1020 2265 ac
1045 2212 1082 2266 ie
1110 2194 1331 2286 perspexisset
1354 2214 1522 2304 summam
1551 2200 1753 2302 Hieronymi
1793 2238 1874 2315 erga
1911 2243 1948 2298 eo
1971 2225 2010 2298 fi.

364 2293 542 2372 deitatem
567 2293 602 2366 id
626 2291 689 2388 ipsi
713 2289 938 2381 demandavit
962 2291 1150 2385 provincia
1164 2294 1278 2386 equod
1302 2294 1484 2389 suscipiens
1509 2317 1589 2372 eum
1613 2324 1648 2376 se
1664 2313 1853 2400 praestitit.-
1870 2319 2008 2413 qualem

363 2397 497 2470 Xanter
522 2408 737 2490 optauerat.
768 2394 887 2466 Paucis
913 2406 993 2486 post
1014 2392 1223 2495 temporibus
1251 2390 1384 2468 Xantes
1409 2411 1539 2470 naturae
1564 2409 1763 2485 concessit.
1790 2419 1876 2492 luni
1918 2422 2006 2499 Hie·

364 2514 527 2588 ronymiii
553 2499 646 2589 quod
670 2491 808 2585 inipso
832 2513 964 2569 sumnia
986 2507 1060 2566 erat
1101 2491 1290 2582 auctoritas
1327 2513 1526 2605 summaque
1561 2513 1788 2588 curandorum
1812 2538 2002 2616 corporum

363 2597 506 2671 scientia
531 2593 684 2670 Romam
711 2608 777 2666 iter
797 2593 973 2684 suscepit.
1000 2589 1086 2664 Non
1113 2590 1257 2664 multum
1285 2609 1450 2686 temporis
1475 2603 1668 2677 intercessit
1693 2626 1773 2692 cuin
1810 2617 1868 2710 qui
1893 2642 2000 2696 romae

360 2690 665 2770 commorabantur
689 2689 923 2766 Cardinalium
947 2707 984 2764 ιι
1000 2689 1252 2800 Episcoporum
1272 2693 1391 2786 :quod
1413 2691 1531 2766 urbem
1560 2717 1724 2778 siitutuni
1748 2731 1883 2794 suarum
1908 2715 2000 2796 fama

363 2807 570 2886 pervaserat,
596 2787 862 2865 familiaritatem
886 2791 1046 2865 intravit:
1062 2792 1097 2864 id
1115 2791 1209 2884 quod
1223 2810 1256 2862 ei
1267 2795 1420 2865 marinio
1435 2790 1501 2904 luit
1523 2799 1595 2870 usui
1610 2817 1648 2874 et
1663 2804 1823 2901 dignitati
1840 2818 2004 2895 :luserim

361 2887 555 2966 Cardinalis
581 2888 747 2984 papiensis
771 2891 806 2964 in
833 2887 963 2969 febrem
990 2891 1112 2964 incidit
1137 2891 1302 2964 assiduam
1330 2898 1538 3000 etquidem
1562 2901 1645 2972 iaris
1671 2905 1852 2986 molestam
1867 2937 1892 2990 t.
1906 2913 2000 3004 buius

358 2993 490 3067 virtute
514 2988 696 3064 incolumis
721 2992 871 3066 redditus
895 3007 971 3068 est:
998 3011 1074 3086 que
1099 3011 1152 3065 res
1176 2987 1294 3068 effecit
1317 3006 1356 3064 ut
1379 3013 1416 3065 in
1440 2996 1565 3068 aedibus
1589 3001 1779 3080 Θιιιϋιιιιιι
1803 3013 2000 3094 babitaret.-

357 3107 517 3185 esserque
542 3091 663 3164 cliarus
687 3103 792 3186 atquc
817 3107 1005 3186 acceptus.
1033 3092 1132 3164 Pauci
1169 3090 1354 3164 admodum
1394 3112 1530 3172 menses
1551 3102 1668 3177 exacti
1693 3125 1798 3184 crint:
1823 3133 1904 3190 cum
1928 3117 1996 3193 lii.-

357 3192 479 3288 quibus
506 3185 665 3286 pontifex
693 3188 852 3268 litterarii
890 3191 1056 3288 gymnasii
1082 3191 1269 3300 negocium·
1291 3191 1491 3269 detulerat:
1518 3194 1553 3270 ei
1577 3197 1602 3270 si
1630 3203 1713 3279 nis:
1738 3209 1858 3300 quiin
1884 3217 1995 3287 medi·

356 3311 473 3366 cinam
498 3288 723 3364 incumbunt:
749 3286 821 3378 eius
843 3289 1012 3366 ducende
1037 3311 1156 3365 comes
1181 3306 1410 3388 magisterque
1434 3310 1506 3366 csse
1531 3294 1617 3370 velit
1643 3319 1801 3400 magnam
1826 3314 1895 3388 ojro
1919 3316 1992 3390 rofi

356 3390 593 3486 pollicentur.
618 3388 655 3464 ld
680 3393 774 3486 quod
801 3390 967 3466 recusavit
983 3412 993 3465 r
1008 3408 1162 3468 causatus
1188 3410 1258 3465 nori
1283 3409 1355 3466 csse
1377 3390 1529 3504 apudse
1553 3395 1748 3490 preclaram
1771 3405 1867 3486 illam
1889 3410 1998 3488 libro·

357 3511 434 3564 rum
459 3509 599 3564 suornm
623 3486 903 3583 suppelectilem.
931 3489 994 3564 Vir
1018 3512 1124 3566 annus
1148 3491 1339 3566 intercessit
1356 3513 1367 3564 ι
1382 3513 1461 3564 cum
1486 3513 1596 3587 ipsum
1621 3496 1657 3572 iii
1682 3504 1832 3597 patriam
1855 3531 1993 3588 anatur
2083 3542 2087 3554 ·

356 3587 563 3666 reuocauit.
587 3587 676 3660 Tuni
703 3585 772 3678 eius
796 3609 965 3666 consensu
990 3590 1026 3662 in
1050 3593 1205 3686 rempub.
1233 3591 1396 3686 ingressus
1421 3605 1499 3668 est.
1531 3592 1581 3704 Ea
1607 3610 1818 3695 tempesrare
1843 3611 1996 3710 Angelus

358 3686 550 3764 cardinalis
575 3686 745 3763 Reatinus
772 3689 864 3776 Bauli
885 3689 1024 3764 secundi
1050 3688 1222 3786 pontificis
1246 3691 1391 3764 matrimi
1431 3694 1594 3766 bononie
1632 3719 1752 3777 munus
1776 3709 1996 3788 sustinebat·

355 3788 453 3862 Huic
478 3806 556 3860 cum
583 3785 797 3884 Hieronymo
822 3809 955 3864 summa
979 3784 1053 3864 era't
1080 3788 1289 3865 familiaritas
1316 3807 1354 3866 ut
1378 3789 1488 3886 ipsum
1512 3792 1680 3874 nobilibus
1715 3802 1819 3904 signis
1845 3825 1882 3882 et
1907 3833 1994 3906 pre·

356 3891 456 3965 ciosa
480 3880 714 3981 suppellectile
737 3889 936 3976 donandum
950 3890 1109 3965 duceret:
1125 3911 1203 3965 casu
1230 3887 1418 3966 acciditur
1442 3892 1535 3981 justis
1550 3895 1594 3971 dc
1609 3899 1717 3978 causis
1741 3912 1906 4007 nequead
1923 3931 1994 3987 iero

357 3988 533 4085 publicam
558 3985 791 4079 spectantibus
818 3992 966 4065 Romam
993 3991 1153 4065 mittendi
1179 4004 1290 4064 ιιιιιιι
1313 3989 1446 4089 legari.
1469 3994 1624 4069 Tandem
1652 4000 1869 4099 Hieronymo
1891 4012 1997 4083 maai·

355 4112 419 4162 ino
444 4106 523 4161 cum
550 4086 683 4161 lionoie
706 4085 917 4181 legationem
943 4110 1080 4165 senatus
1108 4089 1258 4167 detulit:
1274 4112 1378 4186 quani
1406 4089 1462 4166 ille
1488 4114 1564 4202 non
1588 4096 1727 4195 ingrato
1752 4107 1997 4183 animomini·

355 4207 417 4261 me
443 4186 656 4279 repudiavit.
682 4184 797 4263 Fertur
813 4190 847 4263 id
868 4186 1053 4286 legationis
1080 4204 1178 4279 tanta
1206 4210 1285 4265 cum
1310 4190 1482 4285 dignitate
1506 4194 1630 4281 obiisse
1654 4218 1693 4277 ur
1718 4202 1878 4297 pontifex
1904 4230 1996 4281 som.

352 4306 454 4357 mam
478 4285 682 4381 gravitatem
705 4288 916 4385 ‚copiamque
950 4289 1086 4363 dicendi
1120 4289 1304 4365 admiratus
1343 4288 1416 4377 ejus
1454 4290 1640 4371 voluntatis
1677 4321 1794 4381 comes
1834 4307 2006 4384 extiterit.

350 4383 446 4457 Non
471 4386 553 4460 niilii
580 4387 716 4461 excidit
741 4408 797 4462 me
819 4408 868 4463 ex
893 4388 1105 4463 senatoribus
1128 4389 1249 4464 vidisse
1275 4381 1461 4465 nonnullos
1485 4398 1530 4466 ad
1555 4395 1663 4487 ipsurii
1688 4399 1707 4495 (
1720 4424 1799 4479 ooo
1823 4424 1860 4481 oe
1885 4427 1922 4482 so
1939 4432 1997 4504 pa.

350 4484 435 4549 tri!
464 4484 692 4561 reddiderat)
718 4484 893 4543 uisendum
922 4480 1125 4561 profectos:
1151 4488 1209 4565 qui
1223 4503 1462 4581 ‘posteaquem
1488 4508 1607 4563 mutila
1632 4493 1769 4574 filerunt
1792 4503 2000 4582 salutatione

353 4568 499 4646 functi:
527 4568 560 4640 ei
587 4562 798 4661 amplissimis
823 4565 932 4641 verbis
956 4572 1049 4660 quod
1073 4580 1118 4643 de
1146 4584 1255 4663 patria
1292 4568 1520 4643 benemeritus
1558 4594 1648 4653 esset
1671 4590 1797 4677 gratias
1821 4613 1996 4688 egerunt,

351 4672 475 4766 ipsum
500 4684 573 4743 esse
598 4664 909 4763 prestantissimum
936 4680 1040 4762 atquc
1063 4665 1234 4759 optimum
1259 4685 1477 4745 senatooem:
1495 4671 1554 4768 qui
1579 4676 1781 4761 Pontificem
1805 4693 1851 4767 ad
1875 4717 1997 4774 eorum

354 4766 571 4849 sententiam
590 4756 824 4840 'rraluussem
851 4764 957 4839 Paulo
985 4768 1138 4841 secundo
1173 4766 1334 4843 successit
1367 4768 1473 4845 xistus
1511 4791 1651 4873 quartus
1687 4786 1732 4860 ad
1772 4809 1875 4884 quoio
1911 4796 2001 4873 Hie.

354 4890 521 4964 ronymus
549 4866 643 4963 quod
668 4864 701 4939 ei
727 4865 909 4961 legationis
933 4886 1020 4939 onus
1042 4865 1277 4957 imposuerant
1300 4864 1436 4961 legatus
1458 4878 1659 4961 concessit:
1683 4902 1762 4959 cnm
1785 4888 1996 4987 legationem

356 4982 556 5063 exponeret
582 4984 653 5041 non
678 4963 835 5041 admirari
862 4984 932 5041 non
960 4966 1074 5059 potuit
1100 4961 1259 5038 Pontifex
1285 4988 1387 5073 unum
1413 4989 1486 5043 esse
1526 4972 1699 5051 hominem
1723 4983 1783 5078 qui
1818 4992 1998 5074 medicinae

355 5068 539 5145 seientiam
565 5081 602 5139 et
628 5066 818 5141 oratoriam
839 5085 917 5139 cum
943 5064 1065 5142 ceteris
1100 5063 1297 5139 liberalibus
1336 5066 1523 5163 disciplinis
1560 5078 1815 5158 coniunxisset.
1842 5089 1910 5165 ax·
1926 5117 1998 5191 quo

358 5165 492 5243 lactum
520 5184 574 5241 est
598 5182 637 5239 ut
664 5179 702 5241 et
726 5165 791 5239 suis
815 5181 854 5239 et
881 5180 1013 5259 patrum
1038 5166 1169 5258 optatis
1194 5164 1409 5260 responderit
1427 5169 1535 5277 ..Qui
1560 5174 1701 5253 tliermis
1724 5180 1996 5270 bononiensibus

358 5283 505 5365 praeerat
533 5262 697 5339 Nicolaus
722 5266 866 5339 Sanutus
891 5281 1011 5338 natura
1034 5260 1234 5339 interierat:
1259 5286 1337 5339 cum
1364 5288 1385 5339 a
1410 5265 1514 5344 Xisto
1540 5271 1605 5347 illis
1631 5276 1811 5370 prefectus
1848 5308 1901 5365 est
1937 5316 1999 5369 eo-

356 5385 503 5461 mesque
526 5360 740 5461 appellatus.
758 5364 842 5439 Non
867 5363 1033 5439 memoria
1057 5382 1164 5441 vestm
1187 5360 1335 5439 elabitur
1359 5362 1535 5443 clarissimi
1560 5372 1621 5449 viri
1645 5398 1724 5451 cum
1737 5381 1901 5466 Galeatio
1925 5412 1999 5465 ma·

361 5469 429 5543 riae
450 5461 565 5565 galliae
591 5461 759 5561 cisalpinae
785 5463 928 5559 principi
954 5464 1003 5539 vis
1028 5458 1120 5539 ferro
1144 5460 1251 5538 allata
1285 5480 1339 5538 est
1365 5486 1425 5539 vos
1449 5466 1539 5545 illius
1577 5476 1745 5553 desiderio
1770 5499 1807 5556 ut
1832 5507 1999 5579 parerat:
2079 5532 2082 5536 f

360 5568 594 5643 uehementer
621 5580 849 5649 commotos:
876 5583 914 5640 ut
939 5567 983 5640 ad
1007 5580 1176 5675 cognatos
1199 5580 1303 5663 atque
1326 5566 1458 5681 amicos
1481 5569 1709 5653 consolandos
1747 5568 1833 5666 iussu
1859 5603 1994 5682 patroio

359 5670 600 5760 Hieronymus
629 5663 871 5739 Mediolanum
895 5670 1144 5751 contenderit.
1170 5663 1262 5739 Dum
1289 5676 1380 5741 tanti
1406 5672 1565 5764 principis
1607 5677 1834 5756 miserabilem
1865 5689 1997 5763 exitum

359 5765 525 5859 deplorat
550 5762 708 5841 lacrimas
733 5765 874 5837 mininie
898 5764 1095 5854 continuit,
1111 5781 1215 5860 atque
1237 5764 1449 5843 audientibus
1472 5789 1530 5843 eas
1553 5777 1723 5853 excussit:
1740 5800 1779 5856 ut
1791 5779 1998 5868 admiraren-

362 5883 422 5940 tur
446 5886 568 5939 ornnes
593 5881 726 5942 tantam
750 5862 785 5935 in
811 5882 857 5935 eo
881 5864 955 5938 viro
978 5885 1052 5939 esse
1076 5864 1146 5939 iiim
1171 5864 1307 5939 dicendi
1328 5913 1339 5936 .
1367 5868 1526 5943 l’crorata
1554 5874 1714 5953 oratione
1737 5884 1896 5959 maximae
1917 5903 1998 5962 sunt

360 5966 583 6057 Hieronymo
608 5967 701 6063 quod
726 5982 844 6041 omnes
870 5979 966 6039 tanta
989 5965 1133 6047 levasset
1160 5962 1319 6040 molestia
1344 5982 1383 6041 tt
1407 5985 1495 6043 actae
1519 5987 1557 6046 et
1583 5970 1708 6049 babinae
1734 5984 1887 6079 gratia.
1913 5984 1996 6059 pao.

360 6066 411 6139 cis
437 6060 622 6141 interiectis
646 6064 816 6138 iriensibus
842 6064 1021 6149 Mantuam
1054 6086 1091 6139 se
1124 6064 1272 6141 contulit
1296 6063 1353 6139 ubi
1377 6086 1455 6149 cuin
1481 6067 1614 6168 aliquot
1651 6076 1724 6153 dies
1761 6100 1995 6157 commoratos

361 6180 455 6239 esset
478 6187 499 6237 a
525 6162 699 6239 Ludorico
725 6165 894 6258 Gonzaga
922 6188 993 6240 noii
1020 6168 1125 6242 inodo
1150 6166 1184 6240 in
1211 6164 1387 6243 ciuitatem
1428 6171 1596 6262 ascriptus
1635 6192 1713 6252 est:
1739 6198 1855 6253 ιιιιιιιι
1887 6182 1993 6257 ιιὶιιιι

361 6266 399 6339 iii
429 6260 595 6339 familiam
618 6284 711 6341 suam
735 6272 954 6363 adoptatus.
979 6265 1145 6355 Hercules
1171 6264 1318 6347 Estensis
1342 6268 1488 6364 inclytus
1510 6269 1670 6351 Ferraria
1693 6275 1995 6379 princepalianna

1107 6367 1157 6462 Q
1887 6380 1946 6457 ba·
