5584 7900
845 1079 914 1138 122
1223 1043 1553 1126 AGGIUNTE
1595 1047 1625 1122 E
1663 1043 2060 1123 CORREZIONI

845 1223 916 1305 bali
939 1219 1122 1301 bentivolo
1150 1216 1254 1293 filiam
1280 1219 1514 1317 spoponderat
1538 1221 1756 1316 Joannesque
1780 1215 2038 1314 desponderat.
2056 1207 2136 1286 Fuit
2159 1222 2202 1289 ea
2225 1230 2276 1285 res
2300 1205 2383 1288 non?
2419 1207 2481 1287 hu·

843 1348 949 1402 mano
973 1322 1119 1400 consilio
1144 1323 1206 1393 sed
1234 1321 1404 1395 mediocri
1428 1319 1566 1416 quidem
1593 1318 1735 1392 deorum
1770 1316 2016 1394 immortalium
2039 1333 2121 1390 cura
2161 1306 2343 1411 perfecta.
2369 1312 2479 1409 lgitur

844 1423 998 1522 parentis
1020 1440 1186 1496 consensu
1214 1418 1443 1513 Hieronymus
1470 1417 1693 1514 nonnullique
1717 1415 1914 1493 nobilissimi
1939 1417 2029 1490 cives
2061 1414 2105 1487 ad
2140 1429 2302 1510 sponsam
2322 1410 2483 1510 id'quod

843 1521 1096 1600 consuetudinis
1121 1531 1174 1594 est
1199 1517 1378 1593 visendam
1403 1537 1506 1614 atque
1528 1519 1642 1614 sponsi
1668 1517 1774 1590 uerbis
1799 1515 2007 1612 amplissimo
2034 1533 2175 1590 munere
2188 1510 2384 1590 donandam
2401 1513 2485 1590 Fet·

842 1625 964 1699 rariam
988 1623 1054 1697 iter
1078 1634 1323 1714 susceperunt:
1348 1618 1407 1715 qui
1432 1635 1655 1714 posteaquam
1680 1615 1716 1687 in
1742 1613 1944 1692 Hannibalis
1960 1613 2380 1690 sententiamconoessum
2403 1632 2491 1707 est,

843 1749 866 1800 a
892 1720 1047 1818 principe
1072 1721 1161 1794 inter
1187 1719 1318 1814 equites
1344 1735 1481 1791 auratos
1507 1719 1605 1791 asciti
1620 1729 1721 1795 suut:
1735 1732 1774 1788 et
1797 1713 2044 1812 preciosissimis
2060 1712 2209 1791 vestibus
2222 1710 2348 1788 donati
2363 1759 2376 1784 .
2392 1716 2486 1810 Age·

720 1843 724 1852 ’
840 1825 902 1898 bat
929 1819 1159 1914 Hieronymus
1184 1839 1289 1890 romae
1309 1837 1387 1890 cum
1411 1839 1455 1890 ex
1479 1813 1600 1911 legatis
1639 1811 1787 1889 Galeatii
1817 1813 2045 1908 Mariaeaqui
2075 1819 2232 1892 adeam
2258 1809 2378 1888 urbem
2417 1817 2481 1889 iter

842 1919 1088 1996 contulerant:
1113 1913 1251 2012 quidam
1277 1914 1310 1986 ui
1337 1912 1445 1986 morbi
1469 1933 1646 2009 oppressus
1670 1931 1750 1988 est:
1779 1928 1819 1989 ut
1842 1916 1888 1989 de
1911 1910 1982 2004 εῐιιι
2006 1928 2122 1987 morte
2147 1917 2191 1988 ad
2220 1911 2409 2010 principem
2426 1913 2480 1986 al·

841 2019 930 2095 latus
954 2035 1005 2094 est
1031 2017 1170 2090 nuncius
1199 2007 1379 2085 confestim
1419 2009 1568 2108 reliquos
1593 2025 1633 2086 ut
1657 2011 1693 2086 iu
1718 2009 1806 2089 illius
1842 2009 1957 2088 locum
1991 2011 2250 2106 Hieronymum
2286 2012 2475 2090 Ranutium

808 2159 817 2172 ·
842 2116 1035 2194 sufficerent
1061 2135 1120 2208 per
1145 2110 1276 2186 litteras
1303 2110 1459 2188 monuit·
1487 2111 1591 2185 Haud
1612 2109 1722 2185 multo
1744 2124 1825 2204 post
1850 2133 1923 2186 non
1949 2106 2161 2188 defuerunt:
2186 2113 2245 2210 qui
2288 2113 2323 2184 ei
2351 2110 2471 2186 moles·

840 2222 926 2292 tiam
952 2213 1145 2288 inferrent.-
1169 2211 1262 2307 quod
1287 2210 1607 2306 Joannisssaptistae
1631 2209 1781 2284 Gerardi
1806 2209 1897 2285 bona
1922 2206 2146 2309 fortunasque
2162 2210 2474 2308 pratetJustitiam

840 2312 1056 2416 possideret.
1083 2312 1190 2410 lgitur
1214 2307 1351 2407 querela
1375 2310 1420 2386 ad
1444 2307 1648 2384 Pontificem
1672 2306 1788 2386 delata
1811 2329 1949 2387 cauum
1975 2309 2083 2387 dicit:
2109 2327 2146 2385 ut
2173 2311 2327 2386 Victoria
2366 2331 2473 2406 penes

841 2421 951 2514 ipsum
975 2411 1103 2487 fuerit.
1131 2412 1245 2484 Plures
1270 2408 1373 2506 gessit
1397 2407 1610 2484 tribunatus:
1635 2432 1721 2506 qnos
1742 2427 1873 2507 quanta
1897 2409 2052 2501 iustitia:
2076 2429 2201 2510 quanta
2235 2407 2334 2488 fide:
2362 2433 2470 2507 quan·
2495 2407 2517 2416 ⁸

813 2548 818 2559 ·
840 2535 880 2594 ta
905 2513 1102 2588 constantia
1121 2509 1292 2608 gesserit.-
1313 2509 1422 2584 eaitus
1460 2508 1604 2584 docuit.
1632 2507 1755 2584 Multae
1795 2510 1892 2585 enim
1926 2528 2007 2586 sunt
2032 2511 2077 2587 ab
2101 2534 2145 2587 eo
2166 2510 2295 2585 ciuium
2337 2513 2467 2586 sedatae

842 2612 1048 2692 discordiae.
1075 2611 1257 2706 Nunquam
1282 2607 1360 2683 lites
1384 2607 1563 2684 constituit
1579 2633 1589 2682 ε
1603 2607 1685 2708 quin
1711 2611 1968 2687 controuersias
1991 2633 2127 2708 semper
2141 2608 2293 2686 sustulit.
2310 2610 2474 2686 Laudan-

842 2719 888 2793 da
913 2715 1067 2788 nimirum
1091 2713 1179 2784 tanti
1209 2707 1269 2782 viri
1295 2709 1500 2804 prudentia:
1524 2730 1604 2783 cum
1628 2731 1705 2806 quae
1730 2733 1752 2785 a
1775 2709 1906 2808 legibus
1932 2711 2263 2809 proficiscebantur,
2289 2710 2332 2783 ad
2356 2713 2469 2807 aequi·

840 2831 951 2892 tatem
975 2807 1118 2886 referret
1135 2859 1144 2880 .
1159 2807 1323 2882 Nullum·
1339 2826 1392 2883 est
1420 2809 1484 2884 siri
1509 2808 1682 2883 clarissimi
1709 2811 1872 2886 virtutum
1897 2831 2004 2909 genus
2027 2813 2063 2886 in
2090 2811 2140 2886 lais
2167 2809 2396 2884 tribunatibus
2421 2811 2468 2882 ab

841 2938 889 2992 to
916 2907 1196 3010 pretermissum.
1224 2907 1317 2980 Nam
1339 2929 1455 2984 earum
1482 2929 1621 2987 rerum:
1645 2929 1720 3006 quae
1746 2909 1911 2986 fuerant:
1934 2909 2026 2985 nulla
2047 2915 2158 3007 ipsum
2183 2906 2348 3005 capiebat
2387 2906 2478 2982 obli·

838 3015 919 3090 sio.
947 3009 1092 3084 Dixisses
1116 3005 1258 3081 alterum
1284 3007 1523 3084 Simonidem.
1547 3010 1686 3084 Guncta
1711 3031 1786 3109 quae
1810 3009 1970 3109 legerat:
1993 3013 2027 3086 in
2054 3010 2220 3087 memoria
2246 3007 2402 3084 babebat
2419 3029 2479 3082 err·

841 3113 983 3208 scipta:
1008 3127 1046 3184 ut
1069 3109 1224 3181 omnibus
1248 3108 1511 3185 admirationem
1538 3117 1718 3186 moveret.
1741 3113 1833 3208 Quae
1858 3133 1942 3188 vero
1966 3112 2133 3186 aderant:
2158 3131 2236 3209 quae
2262 3124 2302 3184 ut
2327 3129 2474 3204 presen-

836 3217 891 3289 tia
917 3225 1017 3287 erant
1042 3207 1288 3304 perspiciebat.
1316 3210 1364 3280 rlt
1401 3209 1648 3308 consequentia
1685 3210 1829 3286 consilio
1873 3223 2057 3308 menteque
2082 3211 2257 3307 agitabat.
2283 3210 2467 3309 Quibussis

840 3330 935 3391 ruam
960 3307 1131 3382 tribuebat
1147 3308 1389 3408 dignitatem.
1418 3309 1639 3408 Religionem
1667 3309 1788 3383 mirum
1815 3309 1851 3383 in
1877 3310 2019 3386 modum
2043 3309 2179 3385 coluit.
2197 3308 2250 3383 Ut
2275 3313 2367 3382 enim
2384 3329 2476 3384 mor·

839 3415 890 3488 bo
914 3407 1161 3505 impediebatur
1185 3413 1287 3482 deum
1299 3430 1310 3482 :
1337 3420 1376 3481 ut
1400 3411 1601 3489 redderetur
1625 3408 1801 3485 incolumis
1828 3409 1981 3506 precibus
2019 3407 2189 3509 fatigabat
2203 3431 2227 3483 ε·
2242 3411 2336 3506 quod
2369 3410 2475 3485 ineo

846 3511 910 3590 sibi
934 3510 1046 3585 omnis
1070 3527 1145 3602 spes
1168 3521 1242 3580 erat
1266 3509 1485 3586 constituta.
1509 3511 1706 3586 Cartusium
1746 3506 1839 3584 mille
1863 3528 1900 3586 et
1923 3510 2131 3609 quingentos
2171 3528 2284 3608 passus
2321 3510 2366 3584 ab
2391 3511 2475 3587 urbe

842 3613 967 3692 abest.
991 3607 1026 3681 in
1052 3629 1097 3682 eo
1121 3603 1244 3682 cellam
1269 3629 1340 3683 non
1362 3605 1543 3685 informem
1568 3609 1665 3686 duxit
1689 3611 1938 3686 extruendam.
1967 3612 2148 3687 Lauretum
2174 3609 2266 3684 sicus
2287 3627 2339 3684 est
2378 3609 2478 3702 pice·

841 3714 900 3792 ni:
916 3729 988 3787 non
1012 3705 1118 3806 longe
1144 3705 1187 3780 ab
1211 3728 1257 3781 eo
1283 3725 1475 3784 extructum
1501 3726 1553 3786 est
1576 3708 1742 3808 tempium
1760 3710 1880 3784 Mariae
1904 3707 1988 3784 coeli
2012 3710 2140 3809 regina
2164 3731 2295 3786 sacrum
2309 3759 2320 3780 .
2335 3707 2414 3782 Huc
2439 3723 2479 3782 ut
2593 3722 2594 3799 ξ

843 3813 937 3910 quod
962 3820 1104 3884 voverat
1124 3806 1301 3883 exolueret
1324 3809 1356 3902 (Ι
1369 3808 1568 3904 gravissimo
1593 3809 1684 3887 enim
1711 3813 1834 3884 morbo
1860 3806 1987 3888 fuerat*
2019 3810 2201 3906 implicitus
2226 3811 2245 3904 )
2269 3807 2477 3885 contendit.
2593 3804 2594 3811 '

842 3907 1085 4003 Turpissimum
1108 3927 1150 3981 ac
1173 3927 1311 3982 summa
1337 3906 1585 4005 ingratitudinis
1609 3928 1682 3985 esse
1707 3907 1963 3985 arbitrabatur:
1989 3932 2065 4010 qua
2089 3911 2353 4009 spoponderat:
2381 3905 2482 3982 mini·

842 4010 937 4086 nime
959 4004 1116 4083 soluere.
1142 4006 1227 4081 Non
1255 4005 1365 4083 multo
1392 4022 1469 4101 post
1494 4026 1650 4105 tempore
1676 4007 1819 4083 alteram
1844 4026 1881 4085 et
1906 4030 1985 4085 earn
2007 4013 2145 4109 quidem
2179 4010 2351 4088 aduersam
2392 4027 2481 4083 con·

843 4110 948 4187 traxit
972 4105 1228 4183 valitudinem:
1252 4128 1318 4204 qua
1347 4122 1384 4180 ut
1409 4102 1543 4183 levatus
1567 4124 1640 4182 est.
1674 4108 1850 4185 Patavium
1865 4111 1952 4206 (sic.
1979 4131 2014 4186 n.
2040 4111 2211 4206 noverat)
2224 4106 2396 4207 profectus
2410 4121 2483 4181 est.

842 4212 924 4286 Scio
948 4205 1132 4284 nonnullos
1158 4207 1191 4281 ei
1217 4206 1513 4303 intemperantiam
1537 4205 1760 4283 obiecturus.
1784 4213 1876 4306 quod
1901 4232 2159 4304 sepenumero
2186 4210 2310 4287 morbo
2335 4205 2477 4282 labora·

842 4326 923 4385 ret.
949 4308 1035 4383 Non
1063 4322 1116 4385 est
1140 4306 1176 4380 id
1200 4328 1308 4381 causae
1335 4306 1397 4382 viri
1422 4305 1596 4381 clarissimi
1623 4327 1702 4381 cum
1728 4308 1853 4384 multos
1882 4311 2051 4382 videamus
2073 4313 2109 4386 ita
2139 4307 2254 4380 lucem
2292 4319 2477 4395 susceptos

840 4404 1119 4482 valitudinarios.
1140 4404 1200 4475 Est
1225 4408 1293 4478 hoc
1331 4398 1495 4479 astrorum
1519 4405 1631 4501 culpae
1654 4407 1916 4483 ascribendum.
1943 4407 2013 4481 fios
2038 4405 2181 4484 morbos
2203 4403 2270 4479 illis
2302 4414 2475 4495 acceptos

841 4505 1050 4581 referamus.
1077 4502 1329 4595 lngratitudirris
1353 4504 1471 4569 vitium
1496 4507 1586 4573 adeo
1610 4508 1902 4595 contempsitrut
1926 4506 1989 4573 sibi
2010 4506 2097 4571 nibil
2122 4506 2232 4573 minus
2252 4496 2483 4570 nomnium·

812 4658 816 4667 -
841 4607 1001 4682 deretur.
1028 4594 1122 4671 Nam
1146 4596 1208 4669 etsi
1239 4596 1292 4667 M.
1317 4592 1445 4669 Tullius
1469 4616 1506 4669 se
1530 4600 1687 4672 omuibus
1712 4598 1889 4674 vittutibus
1912 4610 2074 4674 ornatum
2099 4618 2172 4672 esse
2208 4596 2344 4689 cupiat.
2385 4590 2475 4667 nihil

813 4723 959 4781 tamen
983 4712 1035 4775 est
1059 4694 1152 4793 quod
1178 4693 1307 4769 malit:
1330 4718 1409 4791 quae
1432 4718 1469 4772 se
1493 4709 1627 4793 gratum
1653 4718 1727 4775 esse
1750 4714 1790 4773 et
1813 4698 1921 4772 videri
1960 4698 2054 4793 quod
2080 4718 2151 4774 non
2191 4694 2301 4776 solum
2325 4712 2394 4769 una
2418 4708 2475 4768 est

843 4804 948 4882 virtus
972 4794 1140 4871 maxima:
1164 4797 1223 4869 sed
1247 4793 1354 4867 etiam
1379 4812 1488 4872 mater
1513 4794 1667 4872 omnium
1684 4799 1843 4870 uirtutum
1858 4796 2090 4893 reliquarum.
2109 4796 2229 4871 Mirari
2254 4792 2365 4893 igitur
2389 4792 2476 4866 deri·

843 4920 964 4979 namus
977 4897 1002 4969 si
1018 4911 1189 5003 nunquam
1213 4892 1421 4990 gratitudine
1444 4896 1534 4971 vinci
1560 4895 1673 4989 potuit
1688 4945 1698 4966 .
1715 4894 1911 4991 Numquam
1937 4896 2120 4969 veiitatem
2146 4896 2329 4972 mendacio
2351 4907 2478 4967 conta·

844 4994 1014 5073 minavit.
1042 4990 1228 5080 Maioribus
1254 5002 1347 5067 natu'
1361 5014 1510 5071 summos
1534 5014 1670 5088 semper
1694 4994 1842 5072 honores
1868 4992 2015 5069 babuit:
2039 4993 2111 5070 siue
2135 4991 2259 5073 infimo
2278 5017 2293 5069 .·
2315 4989 2385 5066 siae
2409 5012 2478 5063 no·

841 5095 901 5173 bili
926 5105 1039 5171 essem
1063 5111 1215 5187 genere.
1242 5092 1292 5167 Ut
1319 5092 1434 5170 laudes
1457 5110 1723 5190 consequeretur
1746 5094 1985 5190 amplissimas:
2012 5112 2171 5190 essetque
2195 5094 2317 5194 dignus
2352 5108 2479 5165 aucto·

845 5198 949 5273 ritate
973 5211 1110 5268 omnem
1125 5192 1257 5267 subibat
1283 5190 1463 5270 laborem.
1492 5194 1625 5272 Multas
1649 5197 1723 5293 egit
1747 5212 1867 5273 noctes
1893 5195 2087 5271 insomnes:
2104 5192 2228 5267 nullum
2253 5208 2373 5267 aestum
2400 5188 2477 5261 nui·

844 5296 913 5372 lam
942 5290 1009 5368 aim
1036 5284 1170 5389 frigoris
1194 5294 1383 5370 recusavit.
1401 5294 1587 5391 Nunquam
1612 5320 1633 5370 a
1659 5292 1729 5371 lide
1753 5295 1923 5375 descivit:
1940 5297 2020 5392 quin
2047 5317 2130 5393 erga
2156 5316 2217 5368 eos
2241 5318 2262 5369 a
2285 5289 2404 5390 quibus
2422 5286 2479 5365 di·

843 5396 1013 5494 ligebatut
1037 5388 1106 5503 lide
1129 5389 1194 5466 fuit
1218 5393 1356 5469 minime
1381 5395 1681 5494 ambiguaratque
1705 5396 1740 5469 iu
1766 5398 1879 5494 primis
1902 5394 1937 5467 in
1961 5392 2123 5470 familiam
2150 5392 2364 5470 &ansulam
2389 5410 2479 5483 quo-

846 5496 936 5572 tiens
962 5516 1024 5591 pro
1050 5492 1145 5580 butus
1170 5516 1228 5567 usu
1252 5508 1356 5589 atque
1383 5492 1515 5571 bonore
1541 5512 1579 5569 et
1602 5498 1842 5572 conservando
1866 5509 1905 5570 et
1929 5496 2088 5589 augendo
2110 5493 2178 5567 deo
2214 5494 2311 5572 vovit
2337 5510 2376 5568 ec
2400 5487 2476 5579 iure

846 5594 991 5686 iurando
1015 5594 1152 5670 sanxit:
1181 5614 1217 5669 se
1244 5591 1361 5668 'nullas
1402 5594 1618 5671 inimicitias:
1659 5594 1785 5669 nullam
1822 5595 1918 5668 sim:
1944 5592 2053 5668 nullos
2077 5592 2225 5687 impetus
2257 5596 2480 5669 vitaturum:

810 5748 815 5756 .
846 5700 941 5789 quod
960 5693 1007 5768 ab
1029 5713 1071 5769 ea
1096 5690 1155 5763 sibi
1181 5692 1363 5789 dignitates
1387 5710 1425 5769 et
1450 5695 1684 5769 emolumenta
1705 5693 1934 5769 cecidissent.
1963 5693 2182 5769 laudandum
2223 5692 2379 5768 nimirum
2405 5686 2481 5761 lto·

847 5791 947 5866 minis
972 5789 1169 5886 ingenium:
1197 5812 1247 5868 ut.
1268 5814 1301 5867 n.
1328 5792 1455 5867 nuliam
1480 5792 1731 5892 ingratitudinis
1756 5812 1875 5867 notam
1899 5792 2026 5868 subiret
2051 5791 2181 5869 nullum
2195 5790 2395 5867 discriminis
2412 5806 2479 5882 ge·

848 5914 911 5969 nus
934 5887 1097 5987 defugere
1124 5890 1350 5967 instituerat.
1385 5893 1572 5989 Nunquam
1612 5886 1722 5965 defuit
1754 5892 1956 5967 constantiae
1992 5915 2087 5969 sua:
2111 5896 2205 5989 quod
2241 5886 2478 5964 inconstantia

847 6008 885 6067 et
910 5987 1100 6067 mobilitate
1125 5990 1205 6063 nihil
1230 5994 1359 6089 turpius
1383 5990 1595 6067 existimabat
1608 5992 1781 6089 :Semper
1807 5994 1842 6065 in
1870 6014 1980 6067 rerum
2005 6016 2202 6090 magnarum
2227 6009 2332 6087 atque
2355 5986 2478 6063 excel-

808 6114 810 6122 ’
849 6112 957 6165 sarum
981 6090 1233 6191 cogitationem
1242 6088 1467 6167 'incumbebat
1484 6110 1523 6167 ut
1535 6112 1706 6186 nunquam
1723 6096 1967 6168 inconveniens
1990 6112 2097 6167 staret
2112 6109 2148 6166 et
2161 6089 2346 6167 immobilis
2371 6103 2479 6182 atque

849 6187 958 6267 oculis
982 6194 1127 6267 eundem
1155 6187 1335 6264 inlocum
1379 6189 1518 6267 directis
1541 6208 1705 6283 tanquam
1741 6195 1891 6290 quodam
1926 6216 2053 6269 secessu
2080 6193 2201 6267 mentis
2236 6208 2344 6289 atque
2369 6186 2479 6262 animi

847 6286 947 6371 facto
971 6310 994 6369 a
1017 6308 1162 6388 corpore
1181 6340 1192 6367 .
1213 6288 1300 6368 Non
1324 6288 1359 6363 in
1382 6285 1555 6368 libidinem
1571 6285 1704 6371 'effusus
1729 6289 1819 6372 [ιιι.
1846 6292 2001 6392 Virgines
2024 6310 2065 6370 et·
2085 6310 2257 6375 matronas
2296 6286 2481 6399 excelleo·

2385 6408 2432 6462 ns
