5584 7900
834 1057 910 1130 nr.
951 1053 1143 1132 torro
1183 1051 1489 1152 Quanto.
1895 1087 1966 1174 „5

386 1219 515 1316 Neque
538 1221 630 1298 enim
657 1215 834 1298 fortissimi
858 1225 942 1298 civis
966 1243 1073 1321 atque
1098 1225 1233 1322 optime
1257 1229 1301 1302 de
1326 1252 1373 1305 re.
1399 1229 1434 1302 Ρ.
1450 1227 1560 1305 meriti
1574 1228 1689 1310 laudes
1713 1235 1833 1311 tacitus
1848 1245 2019 1336 praeterire

384 1319 496 1395 debeo
522 1343 733 1419 quamquam
760 1342 817 1396 rne
840 1347 920 1398 eum
946 1345 1017 1397 esse
1043 1327 1258 1422 intelligam:
1283 1337 1338 1426 qui
1363 1351 1577 1426 nequaquam
1603 1357 1721 1428 parem
1744 1335 1815 1428 ejus
1839 1344 2018 1418 virtutibus

385 1421 511 1514 possim
536 1435 735 1496 orationem
761 1419 879 1499 afferre
901 1422 1007 1496 mllio
1031 1442 1105 1498 erat
1128 1450 1216 1523 opus
1240 1429 1380 1528 ingenio
1404 1431 1539 1524 altaque
1552 1437 1739 1508 doctrina.
1765 1439 1834 1515 Tot
1858 1439 1950 1512 enim
1975 1464 2017 1517 ac
2041 1463 2047 1469 ⁴

341 1571 345 1580 ·
384 1535 544 1596 tantast
571 1524 653 1594 milri
680 1517 848 1599 offerunt:
875 1538 913 1595 ιιι
942 1523 1030 1596 unde
1055 1527 1188 1598 initium
1214 1549 1344 1602 suman
1364 1555 1378 1607 :
1402 1527 1636 1606 difficillimum
1661 1532 1830 1621 iudicem.

330 1617 379 1692 At
403 1641 448 1693 ea
474 1623 584 1696 verbis
610 1643 798 1717 consequar
822 1623 940 1720 quibus
965 1643 1067 1717 quem
1092 1625 1202 1700 civem
1228 1634 1437 1703 amiserimus
1460 1645 1693 1727 quantamque
1706 1639 1777 1709 urbi
1793 1649 1915 1712 nostrae
1941 1633 2011 1727 eius

376 1718 496 1795 obitus
521 1719 683 1811 jacturam
710 1722 894 1797 attulerit:
920 1723 1171 1820 intelligemus.
1200 1724 1279 1798 Nec
1316 1749 1396 1802 sane
1436 1725 1540 1799 ullum
1567 1747 1621 1802 est
1645 1736 1735 1825 apud
1761 1757 1818 1812 me
1843 1739 2011 1814 dubium:

376 1821 460 1916 quin
486 1818 575 1896 illius
599 1822 702 1894 vitam
727 1837 764 1895 et
792 1843 902 1898 mores
928 1821 1104 1916 probaturi
1130 1822 1226 1896 sitis:
1247 1822 1306 1919 qui
1331 1829 1375 1900 ad
1404 1825 1568 1899 virtutem
1595 1846 1700 1926 atque
1726 1835 1864 1931 egregia
1880 1835 2013 1912 facino·

378 1943 417 1994 ra
443 1939 595 1996 mentem
608 1917 793 1993 extulistis.
812 1923 925 1996 Tanta
948 1925 1040 1993 enim
1068 1917 1262 2014 frequentia
1287 1939 1443 1997 vestrum
1468 1939 1566 1997 tanta
1592 1947 1742 2005 vestrum
1761 1937 1912 2009 mutatio
1937 1955 2016 2011 tan·

372 2038 501 2116 tuaque
527 2019 701 2096 bominum
729 2022 865 2115 squalor
889 2037 1053 2114 quantum
1094 2039 1151 2094 me
1189 2016 1307 2094 vidisse
1347 2041 1416 2092 non
1445 2023 1614 2098 memini.-
1641 2032 1778 2105 minime
1804 2033 1832 2106 it
1855 2033 2014 2111 inficias:

374 2143 442 2194 nos
468 2143 545 2194 eum
571 2119 721 2192 amisisse
748 2141 882 2193 virum:
904 2120 961 2214 qui
986 2117 1145 2194 omnium
1167 2113 1278 2194 fuerat
1302 2113 1465 2197 virtutum
1488 2121 1752 2201 simulachrum.
1778 2133 1860 2204 Nec
1887 2135 2014 2208 moles·

377 2239 419 2295 te
443 2216 556 2294 feretis
575 2218 741 2313 :siquod
762 2243 782 2292 a
800 2219 877 2292 Diis
891 2216 1139 2292 immortalibus
1163 2220 1260 2290 nobis
1285 2219 1320 2292 in
1344 2223 1491 2315 presenti
1518 2215 1680 2300 affertur:
1699 2228 1910 2320 presidium:
1936 2256 2015 2308 cum

377 2320 415 2395 id
439 2319 584 2394 salutare
610 2319 685 2391 sit:
710 2316 1001 2415 interponendum
1027 2319 1156 2392 duxero
1180 2320 1273 2411 quod
1299 2319 1362 2392 hac
1390 2337 1511 2394 tanta:
1536 2341 1603 2416 qua
1628 2325 1818 2401 afficimur:
1855 2329 2017 2410 molestia

374 2441 441 2494 nos
463 2420 587 2495 mitum
613 2423 648 2490 in
671 2421 811 2492 modum
838 2417 995 2492 levabit.
1022 2417 1168 2493 Parente
1197 2416 1356 2513 Virgilius
1385 2438 1483 2495 natus
1522 2438 1574 2496 est
1598 2447 1770 2523 gaspere:
1798 2447 1836 2502 ut
1861 2431 2013 2528 plerique

376 2520 580 2594 meministis
605 2519 680 2590 viro
704 2519 856 2612 sapiente
879 2533 1001 2592 sancto
1013 2537 1056 2590 ac
1068 2538 1191 2594 severo
1209 2538 1221 2590 :
1236 2517 1461 2593 Hrcomnem
1477 2541 1579 2613 qnam
1595 2529 1711 2618 potuit
1741 2530 1786 2602 de
1815 2528 2015 2629 lrberisqoo

376 2617 560 2716 aliquando
586 2619 648 2694 rei.
668 2619 703 2690 P.
732 2621 894 2713 prodesse
915 2633 1079 2711 possent:
1106 2637 1220 2690 curam
1260 2619 1428 2713 suscepit.
1454 2621 1596 2717 Qrippe
1636 2628 1780 2718 optimis
1818 2635 2012 2722 parentibus

374 2719 475 2795 liberi
501 2717 646 2792 maxime
670 2718 767 2790 cordi
789 2735 891 2804 sunt,
911 2717 1086 2812 omnisque
1102 2719 1153 2789 lris
1165 2737 1274 2810 opera
1299 2715 1536 2812 impenditur(
1554 2724 1722 2798 incertum
1736 2745 1787 2802 est
1808 2732 1899 2801 enim
1913 2753 2015 2827 quam

376 2820 484 2917 longa
509 2819 657 2914 ipsorum
684 2819 757 2890 vita
780 2814 991 2910 sitfututa)
1018 2833 1055 2890 ιιι
1078 2815 1145 2894 vivi
1169 2815 1347 2891 consulant
1372 2835 1411 2891 et
1435 2817 1639 2912 perficiant:
1663 2846 1734 2921 quo
1777 2822 1911 2900 illorum
1935 2831 2019 2905 soli·
2126 2867 2134 2878 ,

378 2925 466 2993 tudo
490 2935 528 2993 et
554 2916 699 3014 pueritia
715 2939 814 3018 quam
832 2913 1023 2992 firmissimo
1046 2917 1093 2991 sit
1119 2916 1252 2990 munita
1267 2917 1412 3015 presidio
1431 2968 1441 2991 .
1457 2917 1508 2993 Ut
1523 2920 1627 3017 igitur
1653 2927 1914 3023 preceptoribus
1938 2951 2015 3002 cas·

374 3019 514 3094 cissimis
538 3037 642 3117 atque
668 3022 781 3102 omnis
804 3021 908 3097 officii
931 3019 1195 3121 diligentissimis
1220 3021 1254 3094 in
1279 3021 1489 3114 disciplinam
1514 3023 1629 3096 traditi
1656 3044 1766 3099 sunt.-
1794 3029 1911 3100 cuncti
1941 3025 2016 3104 fru-

372 3121 411 3216 gi
438 3141 641 3200 evaserunt.
670 3125 737 3200 rllii
763 3125 800 3197 in
824 3119 1010 3198 rebellica
1034 3123 1222 3198 floruerunt
1248 3138 1286 3195 ut
1309 3122 1481 3220 dignitate
1506 3121 1655 3218 equestri
1683 3125 1802 3199 donati
1845 3121 1973 3200 fuerint
2002 3178 2039 3205 ..

375 3221 564 3297 Enimvero
588 3245 668 3297 cum
695 3222 891 3299 Alexandro
918 3223 1097 3298 hannibale
1121 3244 1238 3298 cesare
1263 3223 1308 3297 de
1333 3246 1370 3296 te
1398 3222 1535 3295 militari
1560 3225 1737 3298 decertare
1762 3225 1973 3319 potuissent.

323 3309 398 3394 Alii
427 3341 490 3415 pto
515 3322 640 3396 Clrtrsti
664 3323 834 3418 religione
858 3343 931 3399 sese
945 3328 979 3396 in
995 3322 1124 3400 medios
1150 3327 1263 3398 hostes
1286 3322 1469 3395 concitato
1494 3318 1678 3397 balearibus
1704 3345 1795 3421 equo
1820 3327 1862 3396 ad
1887 3323 2017 3419 perspi·

197 3429 201 3436 '
375 3441 480 3494 cuam
516 3438 666 3497 mortem
689 3427 879 3500 inrecerunt
918 3419 1148 3500 existimantes
1182 3444 1258 3498 cam
1292 3438 1442 3500 mortem
1477 3441 1550 3494 esse
1574 3420 1815 3498 fortunatam:
1835 3445 1913 3519 quae
1937 3447 2017 3499 tum

373 3518 509 3593 nemini
547 3522 663 3595 debita
688 3522 760 3598 sit:
788 3546 850 3618 pro
875 3523 1074 3599 Christiana
1100 3525 1265 3620 religione
1291 3521 1503 3618 potissimum
1527 3525 1710 3596 reddatur.

373 3619 450 3696 Alii
475 3621 511 3691 in
538 3619 906 3714 Jerosolomitanorum
932 3629 1087 3719 equitum
1114 3643 1290 3698 numerum
1316 3616 1475 3714 adscripti
1500 3621 1689 3697 svnt-Alii
1714 3647 1779 3718 pro
1806 3620 2021 3719 patriamne·

373 3733 452 3794 tem
477 3721 734 3799 occubuerunt·
764 3723 833 3796 Alii
860 3721 895 3793 in
920 3719 968 3810 ivs
995 3722 1097 3800 civile
1122 3743 1163 3799 ac
1189 3715 1406 3818 pontificium
1422 3741 1561 3796 omnem
1585 3743 1729 3816 operam
1748 3723 2023 3816 impertitisunt.

375 3814 452 3892 Alii
476 3818 522 3890 ad
543 3824 809 3897 conservandam
834 3837 939 3917 atque
965 3823 1155 3922 augendam
1180 3821 1329 3897 civitatis
1354 3819 1558 3916 dignitatem
1587 3822 1737 3900 animum
1763 3821 2021 3919 applicuerunt.

375 3915 542 4014 Virgilius
567 3934 682 3996 autem
710 3941 790 3997 cum
814 3943 957 3999 omnem
984 3923 1018 3997 in
1043 3943 1194 4019 corpore
1219 3943 1283 3995 sun
1308 3921 1470 3998 virtutem
1497 3921 1687 3997 admisisset
1711 3940 1747 3996 se
1772 3928 1816 3996 ad
1841 3919 1954 3997 claros
1981 3939 2020 3997 et

374 4021 552 4111 sapientes
577 4021 664 4094 viros
690 4021 839 4094 contulit
865 4038 901 4096 et
927 4024 1015 4095 bene
1043 4023 1102 4097 rei.
1130 4024 1167 4096 P.
1192 4020 1436 4098 consulentes.
1460 4021 1518 4094 Sic
1544 4020 1674 4115 populo
1698 4016 1905 4095 afferebatur
1945 4023 2024 4114 opi·

373 4116 440 4193 nio
464 4138 586 4193 eorum
615 4118 791 4217 Virgilium
815 4119 891 4197 fore
918 4122 1065 4197 simrlem
1093 4146 1178 4217 quos
1202 4120 1262 4195 sibi
1289 4123 1474 4217 delegisset
1514 4126 1558 4194 ad
1593 4121 1799 4195 imitandum
1813 4109 1828 4192 '.
1860 4116 1913 4193 Ut
1939 4142 2023 4195 vero

375 4218 477 4290 aetati
505 4216 677 4313 paululum
705 4220 836 4297 roboris
861 4222 1004 4297 accessit
1029 4220 1235 4318 (excellens
1260 4222 1351 4295 enim
1378 4218 1573 4315 eximiaque
1587 4219 1692 4296 virtus
1710 4242 1769 4295 sua
1788 4236 1945 4295 senatum
1960 4241 2027 4311 po·

375 4314 569 4415 pulumque
595 4317 849 4395 Bononiensem
872 4320 1022 4395 docebat
1048 4322 1158 4394 aetatis
1195 4340 1408 4417 progressum
1450 4321 1624 4412 expectari
1662 4341 1733 4395 non
1759 4335 1922 4415 oportere
1941 4320 1959 4411 )
1977 4335 2026 4393 'ex

373 4417 533 4490 omnium
560 4418 734 4495 sententia
760 4420 945 4517 dignissimi
973 4420 1187 4515 magistratus
1211 4419 1244 4495 ei
1278 4419 1430 4493 mandati
1455 4433 1533 4491 sunt
1559 4441 1645 4515 quos
1669 4420 1718 4493 sic
1742 4419 1903 4513 accepit:
1930 4432 1967 4489 ut
1991 4439 2029 4493 se

377 4512 538 4579 omnium
562 4511 756 4575 officiorum
779 4519 946 4595 religione
970 4518 1172 4575 obstrictum
1199 4522 1441 4579 etbieteretue.
1469 4518 1562 4576 Nam
1604 4534 1772 4601 quantum
1798 4537 1880 4583 clm
1907 4515 2027 4586 labore

378 4598 508 4698 vigiliis
543 4596 688 4675 consilio
712 4597 797 4671 eniti
823 4614 927 4693 atque
952 4594 1090 4671 efficere
1117 4616 1281 4690 poterat:
1306 4598 1415 4671 nibil:
1441 4600 1536 4692 quod
1571 4603 1614 4673 ad
1638 4624 1722 4675 tem.
1757 4607 1795 4674 P.
1820 4606 2030 4703 benegeren-

379 4700 466 4775 dam
490 4699 684 4777 attineret:
700 4700 999 4794 pretermittebat.
1014 4698 1145 4772 Omnia
1162 4719 1296 4785 summo
1317 4698 1434 4772 studio
1458 4692 1668 4774 conficiebat
1693 4722 1770 4796 quae
1794 4704 1908 4801 qualia
1932 4708 2026 4783 sint.-

379 4822 467 4877 cum
490 4804 535 4877 de
560 4795 631 4888 eius
656 4797 803 4874 moribus
827 4798 964 4872 dixero:
981 4796 1179 4893 diligenter
1205 4820 1399 4897 exponam.
1427 4794 1499 4869 Vos
1524 4816 1637 4872 antem
1663 4799 1837 4874 clarissimi
1865 4805 2027 4903 virique·

381 4920 427 4974 so
452 4921 509 4974 me
534 4900 682 4992 benigne
708 4895 902 4992 attentique
928 4896 1070 4971 audiatis
1098 4892 1361 4993 frugalitatem:
1386 4916 1507 4989 quam.
1538 4897 1591 4967 M.
1617 4897 1746 4972 Cicero
1772 4905 1974 4977 modestiam
1990 4926 2029 4984 et

382 4998 654 5093 temperantiam
681 5016 754 5072 esse
780 4992 1137 5090 autumat:'plerique
1165 4998 1198 5070 in
1224 5022 1270 5075 eo
1296 4995 1501 5092 singularem
1530 5011 1567 5067 et
1592 4997 1823 5072 admirandam
1850 5025 2028 5101 cognove-

382 5114 497 5174 runt:
519 5098 614 5193 quod
639 5117 708 5171 non
730 5096 872 5171 nimium
898 5095 1007 5172 letitia
1026 5090 1231 5171 efferebatur
1255 5116 1325 5171 non
1351 5117 1387 5169 se
1412 5094 1494 5169 vino
1517 5094 1703 5172 obruebat:
1730 5118 1802 5173 non
1839 5100 1873 5173 in
1912 5106 2031 5181 convi-

387 5197 449 5273 vio
473 5195 619 5272 saltabat
640 5220 651 5272 t
672 5218 742 5271 non
768 5194 968 5293 turpissimis
994 5192 1165 5268 amoribus
1189 5194 1417 5273 defervebat.

332 5298 463 5377 Nemo
488 5297 578 5371 inter
603 5299 797 5373 cenandum
825 5292 991 5393 virgilium
1017 5295 1061 5367 de
1085 5292 1262 5391 voluptate
1287 5298 1330 5371 de
1357 5293 1497 5369 libidine
1520 5294 1565 5371 de
1591 5318 1685 5369 novo
1710 5296 1865 5375 cibomm
1902 5322 2029 5397 genere

385 5395 620 5491 disputantem
647 5397 797 5470 audivit:
827 5400 887 5469 sed
913 5395 957 5469 de
983 5393 1165 5469 honestate
1191 5401 1235 5472 de
1261 5397 1386 5471 virtute
1413 5391 1640 5491 loquentem.
1665 5396 1808 5494 Semper
1823 5422 1944 5473 eorum
1970 5406 2028 5497 qui

386 5512 507 5571 totam
533 5495 779 5571 beatitudinem
806 5496 840 5567 in
865 5494 1020 5589 corporis
1046 5489 1276 5583 voluptatibus
1301 5515 1375 5570 esse
1388 5494 1595 5568 disserebant
1608 5492 1813 5572 societatem
1831 5503 2028 5573 recusavit.

388 5598 478 5694 Quo
502 5594 608 5672 fiebat
632 5615 670 5670 ut
699 5595 815 5669 animo
840 5616 902 5669 suo
929 5614 1049 5690 pacem
1079 5586 1218 5671 afferret
1241 5594 1336 5689 quasi
1363 5596 1582 5668 concordiam
1608 5597 1805 5686 quandam,

334 5697 416 5797 Qui
444 5698 537 5772 enim
564 5693 795 5789 voluptatibus
820 5694 1037 5770 vinciuntur:
1061 5692 1096 5765 ιιι
1124 5714 1162 5767 se
1188 5692 1383 5770 libidrnibus
1408 5694 1689 5788 constringendos
1714 5697 1851 5769 tradunt
1889 5718 1953 5776 nee
1977 5694 2031 5773 fu·

394 5813 473 5870 tura
499 5794 707 5892 provident:
733 5794 816 5890 quin
841 5794 877 5868 in
904 5797 1041 5869 morbos
1068 5816 1191 5891 graves
1215 5795 1250 5869 in
1275 5796 1400 5870 damna
1425 5795 1460 5866 in
1485 5796 1655 5868 dedecora
1680 5793 1882 5871 incurrunt.

336 5901 524 5994 Quantum
550 5918 635 5972 vero
661 5894 909 5987 contempserit
939 5891 1139 5969 auaritiam:
1171 5895 1359 5970 Testantur
1383 5892 1511 5989 oppida
1538 5910 1646 5967 vestra
1662 5913 1673 5966 :
1689 5897 1808 5990 quibus
1835 5897 1929 5970 illum
1957 5916 2027 5968 nnn

393 5994 501 6068 semel
523 6000 582 6071 ted
607 5994 717 6089 sepius
746 6012 876 6089 preesse
902 5992 1054 6067 voluistis
1078 5994 1219 6091 Quippe
1244 6015 1323 6067 eum
1347 5990 1462 6067 alieno
1484 6015 1618 6089 semper
1642 5993 1863 6068 abstinuisse:
1887 5992 2029 6070 delubra

394 6092 644 6190 religiosissima
671 6092 764 6168 nulla
788 6092 948 6188 spoliasse
974 6093 1170 6189 predicant:
1188 6116 1251 6169 nec
1269 6110 1306 6167 ut
1330 6111 1462 6168 erecta
1487 6096 1542 6168 via
1566 6090 1753 6169 declinaret
1778 6112 1926 6185 unquam
1951 6118 2031 6167 cor·

394 6193 506 6288 rumpi
532 6194 646 6288 pretio
676 6194 853 6289 potuisse.
877 6196 966 6289 Quae
983 6212 1035 6267 ret
1059 6211 1224 6286 quantam
1252 6190 1298 6267 illi
1324 6192 1476 6291 gloriam
1503 6188 1692 6268 attulerit:
1717 6211 1778 6264 vos
1805 6214 1869 6285 pro
1891 6192 2024 6287 sapien·

395 6293 448 6371 tia
474 6308 585 6372 vestra
606 6292 795 6393 intelligere
819 6292 978 6371 debetis:
1001 6295 1140 6391 quando
1173 6292 1324 6372 nullum:
1348 6311 1387 6370 ut
1412 6292 1526 6391 inquit
1548 6293 1689 6371 eximius
1712 6308 1861 6368 orator:
1885 6292 1928 6402 sit
1953 6290 2033 6365 offi-

1891 6411 1983 6465 crum
