5584 7900
791 1068 840 1169 qo
1154 996 2032 1139 too1uoooocottoztomt

793 1233 936 1309 eumdem
961 1208 1150 1306 Dominum
1168 1228 1324 1302 ffbomum
1347 1228 1439 1324 opud
1474 1254 1531 1303 nos
1561 1231 1776 1319 retinuimus,
1802 1244 1836 1300 et
1860 1231 1895 1299 in
1919 1223 2055 1313 erduic,
2079 1248 2120 1301 ee
2151 1230 2447 1323 importunissimis

646 1424 651 1429 ,
795 1357 835 1410 cc
858 1334 1072 1408 strictioribus
1091 1330 1189 1403 rebus
1212 1346 1246 1401 et
1270 1336 1407 1426 negotiis
1430 1336 1549 1403 nostris
1568 1335 1791 1419 exercuimus,
1821 1332 1856 1400 in
1880 1325 1998 1425 quibus
2021 1344 2121 1400 terete
2144 1352 2215 1401 mm
2239 1331 2443 1419 commodine,

792 1454 892 1519 curu,
920 1434 1025 1507 studio
1052 1480 1062 1518 ‚
1087 1448 1119 1500 et
1140 1426 1313 1523 prudentie
1335 1433 1495 1527 regessit
1529 1450 1629 1529 utque
1652 1431 1761 1502 eudem
1786 1428 1960 1523 ampiexus
1978 1468 1988 1513 ‚
2004 1442 2039 1497 ct
2074 1444 2264 1521 possemus
2283 1424 2365 1525 ·fisit
2404 1450 2443 1504 set

802 1532 929 1607 abunde
952 1531 1042 1602 nobis
1064 1523 1268 1624 satisfactum
1288 1546 1466 1624 putemus,
1493 1547 1531 1597 ut
1555 1532 1657 1621 ipsum
1684 1552 1746 1599 non
1769 1525 1979 1600 vehementer
2002 1526 2219 1617 comendare,
2240 1546 2274 1601 et
2291 1529 2443 1603 leudico

804 1632 962 1705 extollere
985 1652 1048 1701 non
1070 1633 1258 1723 possimus5
1281 1647 1417 1729 eratque
1458 1630 1585 1699 unimus
1610 1626 1724 1716 nobis,
1747 1644 1780 1698 et
1818 1632 1934 1698 mirum
1958 1630 1993 1695 in
2018 1622 2145 1699 modum
2179 1628 2379 1722 cupiebemur
2402 1649 2443 1705 set

803 1732 963 1805 nobiscum
985 1745 1212 1824 permaneret.
1236 1726 1306 1800 Sed
1326 1752 1397 1801 cum
1419 1748 1477 1825 pro
1497 1730 1717 1823 generositate
1741 1726 1843 1795 anons·
1867 1728 1945 1808 sui,
1979 1724 2136 1821 pisceque
2159 1727 2228 1797 stu
2252 1728 2390 1816 videre,
2405 1748 2439 1801 et

753 1838 756 1843 ’
810 1830 891 1902 eiiii
914 1851 950 1902 se
974 1841 1128 1901 exerte're
1150 1829 1385 1916 committent,
1412 1830 1596 1925 exindeque
1620 1841 1827 1922 opportunam
1851 1847 1874 1896 st
1900 1821 1991 1895 nobit
2013 1823 2178 1897 licentium
2202 1831 2440 1922 requisiverit,

803 1952 868 2002 non
892 1932 1053 2024 potuimus
1076 1925 1113 1997 id
1135 1925 1317 2024 denegare,
1343 1930 1425 2022 quin
1451 1929 1513 1995 imo
1537 1947 1607 1996 cem
1644 1924 1707 1997 sttt
1726 1944 1848 2022 grato,
1874 1940 1908 1994 tt
1932 1921 2049 1995 tttmsn·
2073 1930 2179 1997 euim
2211 1932 2447 2000 concessimus.

802 2032 916 2126 itaque
939 2032 1113 2101 universos
1132 2025 1325 2116 Principes,
1353 2025 1537 2115 nominos,
1562 2027 1837 2111 communitates,
1865 2039 1899 2094 et
1921 2042 2134 2121 quoscumque
2156 2028 2298 2111 emices,
2324 2044 2356 2097 et
2385 2026 2441 2100 bc·

806 2128 938 2200 neooior
962 2143 1087 2197 nostros
1108 2120 1307 2211 hortemur,
1330 2141 1364 2196 et
1387 2144 1565 2219 rogantes,
1587 2141 1748 2219 quotenus
1772 2120 1905 2195 eundem
1930 2123 2103 2195 moinum
2142 2123 2299 2197 obenan
2323 2142 2357 2195 et
2388 2150 2441 2201 res

806 2250 912 2297 omnes
937 2243 1014 2294 sues
1037 2218 1117 2307 ott,
1144 2237 1177 2292 et
1202 2221 1490 2317 quandocumque
1513 2238 1588 2314 opus
1606 2218 1740 2315 fuerit,
1766 2226 1815 2293 itu
1838 2222 2018 2314 suscipiunt
2038 2262 2051 2307 ‚
2069 2241 2103 2293 et
2126 2222 2366 2318 empuriense
2379 2266 2389 2309 ,
2404 2244 2441 2301 ut

805 2329 835 2397 is
871 2321 1038 2423 intelligat
1070 2320 1266 2395 dilectionem
1289 2325 1325 2392 iss
1350 2343 1424 2391 eum
1451 2336 1622 2409 nostrum,
1646 2337 1677 2391 et
1705 2318 1765 2393 bct
1791 2320 2036 2394 comendotiunis
2064 2321 2217 2417 iitterttt,
2240 2340 2276 2395 et
2290 2318 2439 2415 sectori,

806 2440 839 2494 et
864 2438 1047 2493 ornamento
1071 2419 1134 2493 sibi
1161 2421 1337 2495 extitisse.
1364 2415 1541 2518 Quidquid
1577 2422 1661 2489 enim
1700 2414 1827 2493 honoris
1853 2438 1886 2491 et
1910 2418 2025 2491 eonodi
2061 2424 2098 2491 in
2118 2444 2191 2501 eote
2230 2419 2446 2517 conseretur,

801 2546 891 2618 eque
909 2536 1046 2619 gratum
1069 2516 1216 2591 babituri
1240 2543 1368 2607 sumus,
1383 2540 1424 2617 et
1446 2522 1476 2587 si
1497 2520 1532 2587 in
1554 2519 1716 2614 proprium
1735 2538 1905 2615 personum
1929 2535 2072 2593 nostrone
2096 2521 2248 2599 tilleto·
2269 2537 2380 2611 esset,
2395 2520 2446 2596 cd

808 2621 903 2717 tonge
924 2616 1051 2710 nujmc
1070 2639 1130 2712 pro
1154 2620 1203 2711 eis
1222 2621 1365 2715 peruri.
2214 2647 2218 2657 ·
2468 2684 2473 2691 ,

763 2723 894 2795 Datum
917 2716 1096 2792 Medioieni
1117 2716 1177 2789 sub
1200 2722 1302 2791 nostri
1324 2716 1526 2813 imoressione
1550 2715 1662 2817 Sigiili
1686 2714 1739 2790 die
1768 2718 1841 2793 XV.
1862 2716 2053 2792 Decembris
2076 2742 2133 2792 un.
2161 2716 2406 2795 MCCCCLX.

969 3078 1074 3184 pag·
1111 3075 1192 3173 47·
1233 3052 1567 3149 CAMPEGGI
1604 3052 1911 3215 Louotozo
1951 3050 2229 3181 totototo·

1444 3234 1719 3343 aggtungast
1746 3275 1757 3298 .

761 3444 891 3612 Nl
915 3562 1002 3613 novo
1024 3539 1125 3613 Libro
1146 3537 1182 3610 di
1208 3540 1337 3616 lettere
1361 3548 1475 3617 scritto
1497 3543 1543 3616 dc
1566 3544 1622 3639 pisi
1644 3547 1727 3617 vari
1752 3544 1873 3621 Autort'
1899 3544 2070 3644 profissori
2093 3544 2181 3620 detto
2207 3548 2339 3650 lingue
2374 3548 2446 3624 oet·

661 3711 665 3731 ,
811 3664 900 3741 gare
923 3641 1068 3714 Isciiunu
1091 3655 1263 3735 stampato
1302 3664 1406 3717 senta
1431 3663 1536 3718 nome
1561 3642 1595 3717 di
1622 3646 1840 3739 stampatote
1865 3669 1909 3719 ne
1934 3652 1970 3719 oi
1995 3651 2077 3724 loco
2102 3649 2127 3717 t’
2153 3666 2248 3724 tono
2282 3675 2387 3751 ¹54⁴·
2412 3652 2447 3723 in

740 3782 743 3788 .
808 3768 846 3838 4.
870 3736 939 3813 ulia
978 3741 1103 3836 pagins
1141 3764 1183 3835 9.
1216 3742 1242 3813 ti
1287 3739 1388 3841 legge
1412 3767 1478 3817 utta
1504 3746 1642 3820 testera
1664 3746 1699 3816 in
1726 3747 1806 3818 datu
1829 3744 1886 3820 del
1909 3746 2022 3847 1535·
2048 3746 2166 3821 scritta
2187 3746 2243 3825 dtl
2268 3748 2448 3825 Cotdsoale

808 3842 972 3941 Loteozo
999 3837 1191 3935 Campeggi
1215 3840 1349 3917 seniore
1373 3839 1408 3913 al
1430 3843 1502 3940 Sig.
1527 3843 1710 3917 Catdinale
1745 3846 1779 3917 di
1815 3844 1935 3933 Ceoio,
1975 3868 2043 3923 coo
2070 3845 2231 3943 taquam
2266 3848 2303 3925 io
2343 3874 2449 3946 pregt

808 3963 828 4014 o
857 3939 1021 4035 poggium
1046 3960 1208 4034 appresso
1230 3963 1291 4016 sot
1315 3940 1473 4031 sanciti,
1501 3963 1567 4015 unt
1592 3942 1826 4038 supplicate!
1853 3946 2087 4044 Reggimeoto
2110 3946 2147 4019 di
2186 3948 2370 4048 Bolognt‚
2392 3972 2452 4048 per

804 3963 888 4137 βπ
911 4036 970 4111 cte
993 4037 1023 4111 ie
1042 4041 1158 4136 gretie
1182 4061 1324 4116 concesse
1348 4041 1443 4114 dulit
1467 4044 1574 4116 Sento
1599 4048 1751 4117 memorio
1776 4046 1811 4117 di
1835 4048 2000 4120 Clemente
2023 4065 2055 4118 et
2080 4046 2124 4119 du
2150 4071 2219 4122 esso
2242 4051 2291 4125 N.
2320 4055 2357 4122 S.
2378 4073 2450 4121 con·

807 4135 954 4235 formate
979 4155 1013 4211 et
1035 4136 1188 4232 unoiicte
1212 4141 1283 4230 clio
1307 4142 1403 4229 cittii
1427 4161 1538 4230 nostre
1558 4188 1571 4234 ¹,
1596 4147 1746 4224 messimt
1768 4146 1803 4222 in
1832 4163 1949 4249 questa
1968 4165 2068 4246 purte
2090 4169 2153 4220 non
2175 4155 2267 4224 steno
2303 4151 2371 4226 ioro
2404 4153 2449 4223 ri·

812 4252 930 4310 vocate
951 4239 988 4311 in
1009 4234 1124 4310 dubbio
1148 4235 1215 4322 (osq

980 4597 1089 4698 pag.
1127 4578 1209 4658 62.
1246 4577 1588 4676 CAMPEGGI
1617 4497 1890 4698 mom
1930 4569 2238 4712 aggiungasi.

763 4803 879 4978 Ne
904 4897 999 4993 puolo
1027 4893 1051 4969 il
1075 4893 1202 4969 Cineili
1225 4891 1368 4977 Bibliot.
1391 4893 1543 4984 Voltote
1567 4897 1729 4979 editione
1754 4907 1904 4982 seconde
1932 4927 2037 5007 1735·
2075 4931 2153 5006 pag.
2187 4932 2249 5011 43.
2287 4911 2355 4986 che
2379 4912 2454 4988 dice

829 5019 871 5066 =
896 4999 946 5067 le
973 4997 1082 5090 Opere
1105 4991 1139 5062 dt
1162 5011 1276 5089 questo
1302 4997 1513 5076 Cuooiieret
1540 5023 1614 5071 sono
1640 5021 1724 5074 tutte
1742 5009 1926 5100 groziste,
1951 5034 1968 5081 e
1993 5010 2036 5084 dc
2060 5017 2230 5088 sttnorsi.
2257 5011 2301 5086 fo
2325 5016 2452 5086 lettere·

830 5115 864 5164 to
888 5095 991 5192 degeo
1015 5119 1033 5164 e
1052 5093 1184 5192 grande
1206 5098 1308 5176 amico
1332 5096 1387 5169 dei
1410 5099 1469 5170 cc.
1493 5095 1655 5173 lodovico
1682 5104 1850 5180 ferento.

771 5192 958 5290 Cotteggi,
986 5215 1051 5274 ore
1077 5192 1105 5264 ti
1131 5195 1218 5267 disse
1243 5195 1309 5271 che
1332 5193 1602 5272 alFiltuooodo
1628 5199 1664 5273 to
1691 5205 1850 5300 oggiuota
1875 5204 1911 5280 la
1936 5207 2112 5286 Fovoletta
2139 5207 2221 5284 dell’
2248 5212 2382 5287 Aurora
2405 5209 2453 5280 di·

822 5297 1027 5393 singounctc
1049 5295 1140 5371 deve
1163 5291 1235 5368 dite
1257 5292 1282 5367 i’
1308 5295 1445 5370 Aurora
1471 5299 1680 5408 ingemuero.

949 5637 1055 5742 pag.
1094 5616 1175 5746 65·
1212 5615 1550 5716 comoooot
1587 5623 1913 5720 commoto
1954 5617 2260 5768 aggiungasi.
2383 5579 2386 5588 ’

756 5853 806 6022 ΙΙ
831 5959 950 6057 nostro
977 5939 1249 6059 cordialitsittto,
1272 5945 1317 6022 ed
1342 5947 1570 6028 eruditissimo
1596 5952 1711 6036 amico
1733 5955 1799 6030 Ab.
1825 5955 1985 6034 Gaetaoo
2012 5951 2139 6034 Matini
2166 5955 2320 6046 Pttfotto
2355 5961 2446 6062 degli

802 6045 941 6134 Archioo
966 6043 1001 6121 dt
1029 6042 1076 6117 N.
1108 6045 1144 6118 S.
1169 6045 1204 6118 in
1229 6045 1369 6139 Rome,
1395 6073 1417 6125 e
1443 6074 1539 6128 terso
1563 6053 1619 6128 del
1646 6053 1748 6150 quale
1773 6080 1844 6129 noo
1868 6079 2058 6134 tessetetno
2082 6057 2149 6132 mai
2173 6061 2208 6132 ds
2235 6057 2286 6142 fot
2312 6081 2395 6140 note
2410 6065 2443 6136 at

803 6145 942 6220 Moodo
969 6141 1003 6217 le
1027 6159 1142 6220 nostre
1164 6144 1395 6246 obbligaziooi
1423 6173 1484 6246 per
1508 6149 1541 6224 ia
1566 6173 1669 6230 muno
1692 6175 1832 6234 corteto
1856 6175 2050 6252 prostatus
2075 6177 2194 6252 questo
2220 6179 2335 6244 nostre
2359 6186 2444 6255 ope·

799 6264 865 6336 tc,
889 6245 1024 6322 avendo
1047 6241 1198 6324 iuvotito
1222 6245 1258 6320 di
1282 6247 1572 6333 sommioitttotmi
1613 6251 1766 6336 ulteriori
1792 6259 1925 6337 notizie
1962 6260 1996 6334 di
2022 6257 2207 6346 Totomteo
2249 6262 2442 6374 Campeggi,

2309 6378 2388 6448 iiii·
