5584 7900
890 1048 965 1123 ns.
1004 1044 1197 1123 cono
1235 1042 1473 1124 omno.
1924 1041 2023 1147 27‘

389 1241 473 1290 eesco
496 1207 674 1289 Picinino:
700 1214 800 1289 Dove
822 1234 882 1312 per
905 1237 967 1289 soa
990 1216 1099 1290 salute
1133 1215 1251 1288 Nicolh
1294 1213 1439 1287 Picinino
1479 1212 1595 1289 mando
1619 1215 1645 1286 il
1669 1217 1769 1289 Conte
1795 1218 1920 1293 Aloixe
1956 1217 2014 1291 dal
2082 1184 2084 1194 Ι

385 1320 495 1387 Verno
519 1338 543 1386 a
569 1317 671 1386 Cento
694 1331 752 1406 pes
773 1314 931 1412 prendere
969 1317 1001 1389 el
1043 1314 1219 1387 Canalieri
1243 1318 1297 1386 Μ.
1322 1314 1484 1389 lodovico
1522 1316 1755 1413 Bentivoglio:
1793 1336 1826 1388 et
1865 1340 1947 1392 cono
1985 1318 2014 1390 cl

385 1417 484 1512 quale
501 1412 584 1513 fagi
606 1431 852 1503 cernennente,
874 1433 908 1487 et
930 1420 1091 1486 animoso.

337 1515 486 1609 Capitolo
510 1515 605 1584 Xlll.
633 1535 717 1585 cono
741 1516 772 1583 el
795 1516 965 1608 Capitonio
990 1514 1105 1583 Nicolh
1128 1512 1273 1585 Picinino
1295 1510 1443 1587 eredendo
1467 1536 1529 1585 non
1563 1508 1691 1586 haerere
1725 1532 1834 1611 potato
1866 1510 1946 1612 sare
1964 1519 2015 1611 pi·

376 1616 491 1709 gliare
515 1613 546 1683 el
568 1612 745 1684 Cavalieri
769 1614 823 1681 M.
847 1611 1014 1685 Lodoerico
1038 1612 1248 1707 Bentieroglio
1269 1630 1329 1706 per
1352 1635 1457 1685 essere
1475 1608 1588 1709 saglto
1612 1635 1635 1684 a
1660 1617 1789 1709 Carpi:
1816 1620 1851 1687 in
1874 1618 1905 1686 lo
1929 1634 2014 1711 qna·

380 1717 414 1785 le
436 1712 578 1784 deliherh
601 1707 641 1781 de
655 1706 747 1805 ficrlo
766 1710 934 1809 pigliare,
960 1735 979 1781 e
1001 1733 1085 1782 conce
1102 1706 1189 1804 fecie
1214 1707 1384 1782 rechedere
1412 1713 1443 1783 el
1469 1712 1663 1807 degnircimo
1686 1716 1834 1809 Gasparo
1859 1714 2012 1787 Malneco

381 1836 418 1883 se
441 1812 501 1883 ello
523 1810 680 1882 lovoleoa
702 1810 859 1901 prendere
883 1808 913 1879 lo
934 1806 1121 1883 lassarehht
1145 1805 1227 1881 delle
1254 1812 1418 1883 Carcere:
1446 1828 1477 1882 ct
1501 1812 1538 1881 la
1562 1814 1692 1883 savia:
1718 1836 1736 1883 e
1757 1812 2012 1909 prudentissima

382 1930 528 2007 resposta
553 1904 657 1980 cheli
671 1904 770 1995 fiecie
793 1909 824 1978 el
848 1907 934 1980 detto
959 1914 1128 2003 Gosparo.

331 2011 485 2106 Capitolo
512 2008 599 2080 xttt.
624 2007 722 2077 Cono
747 2006 778 2079 el
801 2010 964 2103 Capitano
992 2007 1108 2078 Mieolh
1133 2006 1279 2079 Picinino
1303 2007 1451 2082 credendo
1474 2004 1544 2081 chel
1567 2032 1624 2083 rao
1647 2010 1794 2106 pensiero
1817 2012 1851 2082 in
1867 2014 2014 2105 Gosparo
2064 2061 2068 2068 ·

381 2110 543 2182 Maloeco
564 2101 693 2177 bavato
718 2128 759 2176 no
782 2126 842 2178 era
880 2108 1019 2179 renscito
1055 2105 1142 2176 tenth
1165 2108 1319 2200 Baptista
1343 2104 1387 2177 da
1413 2107 1594 2181 canetulo:
1620 2107 1677 2181 che
1717 2106 1858 2181 anchora
1884 2110 1950 2207 egli
1974 2112 2009 2181 in

382 2224 548 2283 carcerato
570 2223 631 2275 era
653 2201 695 2275 de
730 2202 888 2299 prendere
926 2205 957 2276 el
994 2203 1170 2275 Canalieri
1210 2206 1265 2275 Μ.
1304 2204 1470 2280 Lodovico
1509 2204 1743 2305 Bentiooglc'o:
1770 2208 1802 2281 el
1823 2210 1921 2305 qnole
1952 2228 2013 2303 per

382 2329 445 2381 ena
464 2302 641 2402 prodentia
666 2323 729 2372 non
766 2325 802 2377 se
835 2320 955 2398 procare
978 2299 1241 2399 alenghaneoole
1261 2301 1376 2398 parole
1401 2304 1442 2379 de
1468 2328 1536 2378 esto
1575 2309 1758 2403 Baptista:
1782 2303 1868 2381 dooe
1893 2305 1955 2378 ello
1977 2310 2015 2379 in

381 2426 516 2501 precone
533 2399 578 2498 fo
603 2414 794 2473 retorncto.
822 2424 826 2433 ·

335 2505 487 2601 Capitolo
513 2502 586 2573 XV.
611 2522 694 2573 corne
717 2498 750 2571 el
772 2500 918 2574 Valoroso
950 2495 1123 2572 Hannibal
1147 2494 1187 2569 de
1210 2498 1406 2599 Bentioogli
1425 2522 1483 2598 per
1506 2504 1648 2578 liherare
1669 2505 1706 2577 la
1729 2524 1790 2577 coa
1830 2502 2011 2604 Bolognesa

378 2606 494 2700 patria
518 2602 564 2673 da
587 2622 669 2696 ogre
692 2595 838 2673 thirania
860 2601 928 2671 cerci
943 2593 1037 2694 fuori
1063 2595 1102 2667 de
1125 2597 1272 2692 Bologna
1295 2621 1366 2671 cnsn
1402 2618 1497 2693 parte
1520 2600 1573 2674 del
1608 2604 1720 2696 popolo
1744 2626 1762 2675 e
1787 2620 1887 2698 ruppe
1912 2605 1938 2676 il
1959 2623 2015 2698 po·

381 2721 470 2777 tente
495 2702 659 2797 &pitano
681 2698 782 2769 Corte
806 2697 930 2774 nonne
953 2694 1007 2769 dcl
1031 2694 1169 2772 Vestro:
1197 2695 1244 2766 Et
1265 2698 1365 2792 quale
1380 2697 1466 2799 sagi
1490 2719 1512 2771 a
1536 2704 1639 2795 Carpi
1664 2720 1686 2771 a
1707 2700 1864 2795 prendere
1889 2720 2015 2774 menta·
2130 2694 2133 2699 ’

383 2803 415 2873 le
439 2800 571 2873 dolore:
594 2797 702 2871 dooca
723 2794 836 2871 haoeo
853 2792 948 2894 facto
963 2792 1080 2892 fugire
1113 2791 1145 2863 el
1179 2796 1391 2873 Canalierie
1417 2800 1448 2869 el
1471 2798 1570 2897 qoale
1593 2818 1652 2893 per
1676 2798 1712 2869 la
1735 2820 1796 2871 cna
1813 2796 1921 2894 ferito
1946 2824 2012 2873 non

381 2917 456 3070 pope
479 2900 516 2971 al
532 2899 638 3069 lehun
662 2918 719 2969 sao
742 2904 859 2973 menno
883 2893 1082 2972 denosncre
1106 2890 1143 2965 la
1164 2914 1227 2967 soa
1251 2893 1412 2972 charita:
1435 2922 1454 2969 e
1479 2920 1562 2971 conce
1586 2919 1696 2971 venat
1719 2918 1742 2971 a
1767 2898 1911 2996 Bologna
1926 2974 1931 2993 ¹
1946 2919 2007 2993 per

386 3017 495 3073 sante
554 3020 607 3069 ea
652 3000 772 3072 atria.

332 3098 482 3197 capitolo
507 3096 579 3168 XV
578 3102 606 3169 l.
628 3017 725 3171 llorno
748 3095 835 3193 facto
859 3100 896 3173 la
915 3102 1152 3198 permutatione
1193 3092 1233 3170 sle
1272 3099 1448 3171 Francerco
1470 3094 1598 3195 figlinol
1620 3092 1673 3169 del
1698 3096 1870 3190 Capitonio
1897 3096 2011 3169 Nicolo

384 3200 551 3271 Plcinc'no:
578 3221 596 3269 e
619 3195 659 3269 le
683 3201 857 3295 Gaspcro:
882 3225 901 3275 e
924 3199 965 3272 de
989 3204 1043 3272 Μ.
1070 3198 1202 3274 Achille
1225 3197 1400 3271 Maloicc':
1425 3222 1442 3268 e
1469 3220 1552 3269 como
1593 3195 1766 3268 Hannibal
1789 3192 1828 3265 dr
1852 3198 2010 3269 Bentivo·

376 3298 432 3397 gli
455 3293 578 3369 chianh
600 3316 706 3392 presso
726 3299 776 3370 lai
801 3301 994 3395 Baptistae
1010 3296 1148 3397 fratelli
1171 3296 1215 3369 da
1239 3296 1423 3384 Canetnlo:
1448 3297 1473 3367 li
1500 3296 1592 3393 quali
1614 3296 1641 3368 lc'
1664 3291 1778 3367 derono
1804 3312 1922 3368 morte:
1952 3313 2014 3388 per

379 3399 416 3469 la
439 3395 539 3493 quale
563 3418 687 3470 caccsse
709 3397 744 3468 la
769 3416 870 3471 rnorte
896 3398 936 3472 de
961 3422 1029 3471 esso
1055 3402 1208 3494 Baptista
1232 3417 1250 3467 e
1274 3400 1373 3468 raino
1397 3393 1437 3466 de
1463 3398 1566 3467 Cana
1592 3414 1675 3467 sna:
1703 3388 1784 3465 ede
1806 3392 1832 3461 li
1857 3396 1953 3465 anici
1975 3396 2011 3465 in

377 3494 509 3591 leqnale
534 3512 633 3567 norte
657 3498 806 3569 dorostro
830 3497 857 3569 il
879 3498 1057 3571 Cavalieri
1081 3502 1133 3570 Μ.
1161 3494 1328 3567 Lodoosico
1352 3494 1561 3589 Bentivoglio
1587 3493 1697 3565 veloce
1718 3488 1986 3585 prooedinento.
2056 3554 2060 3563 .

331 3593 483 3689 capitolo
506 3594 620 3667 tht.
648 3597 745 3668 Cocco
770 3595 797 3667 li
820 3600 916 3668 antici
937 3597 1110 3692 principali
1135 3596 1174 3667 de
1198 3593 1395 3691 Bentioogli
1433 3590 1582 3665 voleseno
1599 3587 1680 3688 sare
1704 3588 1735 3661 el
1760 3590 1936 3663 Cavalieri
1959 3592 2013 3665 M.
2041 3584 2059 3661 ’.

381 3691 549 3766 Lndovico
573 3690 614 3765 le
637 3694 832 3794 Bentivogli
854 3693 894 3765 de
916 3698 1006 3771 loro:
1029 3722 1048 3767 e
1070 3694 1124 3767 del
1147 3711 1234 3767 stato
1254 3694 1410 3785 primario
1434 3688 1566 3763 escendo
1589 3692 1685 3785 priori
1709 3687 1763 3761 del
1788 3711 1844 3761 eoo
1872 3692 2015 3762 Hanni·
2053 3698 2058 3713 ’

379 3790 438 3862 hal
461 3815 478 3862 e
503 3812 586 3863 cono
609 3811 669 3886 per
692 3796 933 3887 sapientissima
971 3812 1117 3889 resposta
1150 3794 1176 3863 ts·
1199 3788 1302 3889 negho
1326 3808 1445 3888 questa
1470 3788 1609 3885 saperha
1633 3793 1803 3883 impreco:
1828 3812 1854 3879 e
1867 3811 1954 3861 corne
1977 3792 2014 3862 ia

377 3912 437 3964 suo
460 3890 553 3988 luogo
577 3912 687 3963 venne
711 3894 765 3964 M.
792 3892 900 3966 Xanti
915 3892 1053 3990 figliool
1076 3890 1114 3966 de
1143 3890 1304 3964 Hercules
1326 3891 1367 3964 de
1391 3890 1584 3989 Bentioogli
1609 3909 1631 3963 a
1656 3888 1824 3986 Bologna.

333 3991 483 4086 Capitolo
509 3989 639 4062 thtt.
665 3993 761 4063 Conso
784 3990 819 4062 la
834 3988 975 4090 fortuna
999 3993 1091 4065 oolse
1108 3984 1191 4088 fare
1214 3990 1336 4064 vedere
1359 4009 1381 4061 a
1407 3994 1462 4062 M.
1478 3990 1586 4062 Xanti
1597 3986 1637 4061 de
1650 3989 1841 4085 Benticrogli
1865 3989 1896 4060 le
1921 4007 2016 4061 anca·

387 4086 535 4160 ricndine
559 4111 616 4161 sne
639 4087 710 4161 inla
724 4085 857 4186 felicita
882 4089 935 4163 del
956 4107 1071 4166 statos
1107 4087 1165 4162 che
1202 4090 1266 4162 ella
1290 4092 1316 4162 li
1340 4086 1454 4163 haoea
1478 4110 1620 4164 consecro
1637 4111 1647 4164 s
1664 4086 1738 4184 secr
1762 4085 1819 4160 she
1849 4088 1946 4186 qnilli
1969 4086 2013 4161 da

320 4229 324 4234 ·
377 4187 541 4260 Canetnlo
566 4191 636 4260 rnoi
660 4192 773 4261 nernici
796 4207 969 4262 entrarono
993 4188 1105 4264 dentro
1129 4187 1174 4261 da
1200 4183 1345 4287 Bologna
1369 4193 1410 4260 ca
1434 4187 1527 4260 molto
1551 4190 1773 4260 exterminio:
1796 4210 1814 4257 e
1838 4211 1922 4260 conte
1953 4173 2023 4280 pfl

261 4319 266 4333 ·
378 4285 415 4358 la
436 4283 612 4381 prodentia
636 4305 670 4357 et
694 4289 866 4362 aninosich
889 4288 942 4361 del
967 4287 1147 4363 Caeralieri
1169 4291 1223 4360 M.
1248 4287 1415 4360 Ludoarico
1440 4287 1633 4386 Bentleroglc'
1649 4284 1770 4382 faroao
1808 4284 2013 4360 miracoloca·

379 4402 490 4479 snente
510 4387 627 4457 saciati
643 4380 736 4480 filori
759 4410 842 4473 corne
865 4389 938 4482 prino
961 4388 1133 4475 assalitore
1149 4384 1214 4483 fra
1238 4388 1268 4459 le
1292 4387 1358 4460 loro
1382 4383 1524 4460 nemiche
1548 4384 1691 4486 squadre
1716 4435 1728 4459 .

330 4483 481 4582 Capitolo
506 4483 578 4556 XV
577 4486 650 4555 llll.
676 4486 771 4556 Conso
797 4486 823 4557 il
850 4485 1032 4560 cardinale
1057 4487 1097 4560 de
1121 4489 1306 4560 Benivento
1330 4484 1371 4560 de
1395 4487 1541 4583 Bologna
1566 4489 1690 4584 Legato
1719 4486 1807 4561 volse
1829 4504 1890 4579 per
1915 4485 2008 4556 oceri·

382 4600 415 4654 to
442 4580 481 4652 de
504 4578 670 4670 henifich:
693 4600 726 4653 ct
752 4581 861 4656 honori
884 4586 972 4656 nella
998 4589 1078 4657 Cita
1102 4583 1151 4672 {de
1189 4585 1334 4678 Bologna
1373 4593 1524 4657 receooti
1547 4603 1628 4656 sotto
1652 4595 1753 4678 specie
1777 4587 1815 4656 de
1840 4580 1963 4653 andare
1988 4601 2011 4653 a

381 4683 502 4774 Canopo
526 4679 562 4750 al
585 4679 728 4750 castello
752 4677 793 4751 de
818 4681 969 4752 Pinnaso
991 4698 1084 4773 preco
1129 4701 1167 4747 er
1190 4683 1293 4774 quelli
1318 4680 1362 4752 da
1387 4681 1547 4751 Canecnlo
1562 4677 1738 4770 foransciei
1762 4693 1865 4747 tracto
1891 4679 2005 4749 volere

381 4780 523 4878 pigliare
546 4778 572 4849 lt’
595 4781 697 4853 nostri
722 4773 878 4848 Cidadini
892 4799 902 4850 z
915 4769 1070 4873 ‘liqnalc'
1087 4700 1207 4869 hrono
1232 4775 1327 4846 dadio
1350 4771 1451 4869 defeci
1475 4775 1519 4844 da
1547 4794 1639 4846 tanto
1663 4773 1864 4864 infortunio.
1894 4777 1958 4847 Ma
1975 4777 2006 4848 el

382 4879 493 4977 legato
516 4874 693 4951 decideroso
716 4874 756 4946 de
771 4874 862 4975 sarli
885 4877 969 4948 nale
991 4877 1134 4970 capitare
1158 4895 1193 4943 ce
1214 4879 1306 4967 parti
1341 4871 1381 4944 de
1420 4871 1585 4970 Bologna:
1611 4891 1644 4946 et
1670 4871 1755 4947 anlh
1778 4895 1800 4944 a
1826 4873 1929 4946 Korna
1953 4873 2012 4948 dal

378 4995 466 5075 papa
487 4996 545 5074 per
561 4972 649 5073 farli
670 4976 862 5070 critaperosa
884 4999 950 5048 eser
974 4998 990 5044 o
1014 4995 1059 5044 na
1083 4998 1102 5044 e
1124 4969 1255 5044 donno.
1275 4973 1393 5046 Nostri
1408 4973 1555 5044 Cc'tadirsi
1579 4973 1772 5046 incendendo
1795 4989 1906 5072 questo
1932 4973 2012 5048 eles·

382 5099 457 5149 cono
481 5095 539 5170 per
560 5074 801 5147 Anhassadore
825 5074 913 5146 aloro
936 4999 1042 5170 disere
1066 5070 1203 5144 denanti
1222 5073 1258 5143 al
1279 5093 1368 5167 papa
1397 5070 1440 5142 El
1465 5072 1642 5146 Canalieri
1658 5075 1714 5145 M.
1743 5072 1910 5144 Ludo-erico
1928 5075 2013 5146 Ber·

384 5175 557 5342 ιὶυομίοἹ
576 5173 611 5345 ecl
630 5172 895 5344 ppa'lplraqnisco
916 5173 954 5245 la
971 5175 1090 5340 {mia
1113 5171 1166 5241 del
1188 5190 1275 5266 papa
1299 5173 1356 5243 ala
1381 5172 1512 5264 Rupes:
1536 5193 1594 5268 per
1616 5172 1651 5245 lo
1675 5193 1738 5246 cna
1752 5170 1926 5268 ncncfesta
1940 5177 2015 5248 oir-

241 5316 246 5328 ·
386 5292 446 5346 tn:
473 5291 542 5345 etc
610 5293 686 5344 arc
743 5294 907 5344 erenare
926 5295 949 5342 a
1005 5293 1076 5343 orna
1103 5293 1175 5342 conc
1198 5293 1261 5340 non
1282 5290 1361 5364 poca
1388 5292 1588 5370 vergogna.

208 5373 211 5378 ’
328 5371 485 5469 capitolo
511 5371 593 5441 XX.
620 5374 717 5444 Coeno
738 5390 825 5466 papa
847 5371 963 5444 Nicolh
988 5374 1116 5471 Qinto
1155 5366 1307 5440 havendo
1344 5367 1496 5442 nandato
1520 5373 1556 5441 in
1583 5372 1674 5468 luogo
1698 5367 1738 5442 de
1761 5368 1874 5468 Spada
1909 5367 2015 5466 infoca

383 5471 438 5543 Μ.
466 5473 615 5542 Birariort
640 5469 821 5543 Cardinale
854 5491 913 5566 per
937 5471 1046 5566 legato
1069 5467 1109 5540 de
1135 5470 1303 5565 Bologna:
1326 5491 1345 5540 e
1368 5491 1451 5540 conco
1476 5470 1507 5540 el
1531 5469 1708 5542 Caoalt'erc'
1748 5473 1803 5542 Μ.
1844 5467 2012 5542 Ladooc'co

385 5569 599 5665 Bentiooglio
615 5566 660 5664 so
684 5569 836 5642 mandato
857 5592 916 5665 per
942 5567 1173 5641 Anhassatore
1197 5569 1234 5639 al
1256 5565 1345 5638 deeto
1365 5587 1453 5662 popa
1478 5566 1534 5640 che
1551 5568 1578 5640 li
1593 5567 1685 5642 desse
1699 5571 1789 5641 cincto
1813 5567 1852 5641 de
1875 5569 2012 5661 paretes

380 5693 400 5741 e
425 5666 464 5740 de
489 5666 657 5743 dennari:
681 5666 737 5742 che
761 5669 850 5742 nella
872 5686 1009 5764 passata
1033 5665 1085 5739 del
1112 5669 1215 5739 Conte
1231 5665 1360 5762 Jacooco
1385 5692 1420 5739 se
1444 5685 1604 5761 potessono
1628 5663 1827 5762 defendere:
1854 5667 1885 5738 el
1907 5667 2007 5766 qoale

383 5769 441 5840 ala
464 5785 578 5840 nostra
604 5767 665 5841 Re:
690 5787 748 5860 po:
773 5767 982 5840 donandaoa
1007 5767 1069 5838 Xl.
1095 5765 1186 5837 osilia
1210 5766 1321 5837 ducati
1343 5786 1401 5861 per
1424 5767 1456 5838 el
1478 5763 1593 5838 donno
1615 5784 1768 5842 receonto
1793 5765 1859 5854 ¹del
1873 5764 2012 5863 fratello

386 5869 561 5941 francesco
585 5869 752 5963 picinino:
774 5867 820 5938 Et
844 5864 986 5939 anchora
1008 5883 1121 5963 questo
1146 5887 1209 5935 non
1234 5863 1430 5959 despiaceoa
1453 5865 1488 5936 ol
1512 5887 1595 5961 papa
1618 5887 1676 5962 per
1700 5867 1750 5940 tal
1776 5884 1929 5942 traverso
1942 5886 2013 5961 spe·

388 5987 478 6038 rava
501 5965 541 6038 de
565 5963 694 6040 havere
719 5965 863 6063 Bologna
877 5965 991 6038 libera
1015 5962 1169 6037 essendols‘
1194 5963 1334 6035 etiandio
1358 5965 1449 6038 stata
1474 5963 1590 6061 offlrta
1615 5963 1768 6039 dalchnni
1792 5969 1895 6042 nostri
1918 5969 2016 6038 Cita-

390 6061 458 6133 dini
482 6087 537 6157 per
560 6065 714 6138 invidia.
743 6062 836 6137 Unde
861 6063 931 6138 chel
950 6063 1127 6139 Canalieri
1154 6064 1233 6135 colse
1258 6061 1332 6135 dela
1356 6081 1461 6136 snesste
1485 6065 1588 6142 rinc'le
1612 6069 1751 6160 appetito
1777 6065 1815 6138 al
1847 6084 1959 6159 papa:
1984 6061 2015 6136 el

388 6161 486 6258 quale
512 6165 591 6238 donh
614 6163 741 6254 infinito
763 6171 826 6238 nsio
850 6162 889 6239 de
914 6161 1028 6237 denori
1054 6163 1102 6235 oli
1126 6165 1230 6235 nostri
1266 6163 1451 6262 Regimenti
1474 6184 1532 6259 per
1556 6159 1735 6260 desenrione
1757 6184 1818 6235 saa
1843 6181 1953 6234 contra
1981 6161 2014 6235 cl

392 6264 496 6347 Corte
522 6265 638 6337 lacono
661 6261 778 6349 dacto:
801 6266 832 6337 et
855 6263 953 6363 quale
977 6285 1082 6339 senaa
1107 6261 1214 6334 donno
1236 6259 1310 6337 dela
1333 6281 1447 6338 nostra
1477 6265 1539 6340 Rc:
1559 6285 1616 6359 po:
1636 6259 1723 6361 secie
1746 6261 1832 6337 altro
1868 6265 2013 6360 eringio:

1153 6362 1236 6445 Dz
1692 6393 1694 6396 ·
1842 6383 1963 6462 equa·
2082 6437 2085 6448 ,
