5584 7900
824 994 870 1067 28
1153 965 1514 1064 'aestuata
1553 980 1583 1057 o
1621 920 2055 1060 couuoztonlt

824 1182 841 1231 e
867 1161 965 1259 quela
990 1158 1029 1231 de
1055 1176 1171 1232 secura
1189 1158 1308 1255 gratia
1332 1154 1503 1250 apostolica
1521 1148 1566 1248 fu
1588 1148 1779 1224 revestita.

780 1263 926 1355 Capitolo
963 1259 1068 1330 XXl.
1090 1260 1185 1329 Coruo
1210 1252 1306 1350 doppc
1329 1254 1465 1328 Nicolao
1488 1255 1616 1357 Qinto
1640 1273 1765 1323 sucesse
1787 1250 1912 1323 Calisto
1938 1246 2074 1337 Tecmo,
2098 1272 2115 1320 e
2141 1247 2239 1345 aloppo
2261 1252 2367 1349 quella
2401 1279 2456 1326 su·

823 1383 908 1432 cesse
943 1379 1030 1455 μμ
1071 1357 1128 1428 l'io
1170 1352 1299 1425 secondo
1336 1354 1383 1424 el‘
1407 1352 1505 1451 quale
1543 1347 1693 1421 undando
1716 1374 1739 1421 a
1772 1350 1987 1423 Mantovaa
2018 1346 2100 1447 sace
2130 1336 2275 1423 'Concilio
2313 1372 2369 1447 per
2405 1356 2455 1423 ols-

821 1465 920 1534 osiase
959 1458 1018 1529 all'
1044 1452 1158 1524 insidie
1195 1450 1250 1525 del
1287 1448 1415 1525 Turta:
1455 1446 1513 1523 else
1541 1445 1671 1545 fitceva
1702 1466 1814 1521 contra
1854 1446 2041 1521 Christiani
2070 1446 2232 1542 passando
2268 1469 2327 1544 per
2365 1453 2456 1525 Bolo-

824 1580 895 1657 gna
933 1576 1027 1652 prese
1062 1549 1182 1649 sdegno
1199 1573 1227 1625 z<
1244 1574 1308 1624 ove
1332 1548 1463 1624 essendo
1488 1569 1511 1620 a
1534 1550 1703 1619 Mantova
1726 1544 1864 1633 volendo
1889 1564 2059 1622 retornare
2085 1548 2143 1620 ala
2158 1548 2214 1638 fin
2239 1546 2293 1620 del
2312 1552 2456 1623 Concilio

828 1656 899 1728 nele
921 1674 1018 1751 parte
1044 1652 1186 1725 Romane
1211 1651 1337 1724 valensa
1360 1646 1503 1747 scltisare
1528 1645 1674 1741 Bologna
1696 1668 1713 1716 ο
1737 1668 1794 1721 tuo
1823 1649 1986 1720 territorio
2015 1645 2306 1723 indemostranione
2345 1672 2406 1720 non
2430 1650 2454 1719 l’

823 1755 950 1829 havere
973 1773 1031 1847 per
1057 1756 1185 1825 antica:
1212 1769 1245 1823 et
1269 1770 1326 1823 era
1349 1773 1407 1822 suo
1436 1746 1537 1820 dritto
1565 1745 1723 1818 Camino.
1741 1746 1773 1817 el
1784 1746 1975 1843 Regimento
2004 1744 2170 1843 bolognete
2199 1744 2364 1837 parendoli
2378 1770 2459 1821 ver·

818 1875 932 1953 gogna
955 1855 987 1924 el
1010 1872 1097 1948 papa
1127 1874 1189 1921 nost
1220 1849 1348 1923 uolesse
1380 1845 1445 1943 far
1472 1847 1508 1918 la
1533 1846 1596 1916 asia
1624 1862 1683 1937 pes
1715 1844 1759 1918 da
1788 1843 1934 1941 Bologna
1962 1864 2022 1939 pes
2049 1844 2218 1917 bonosaslo
2246 1846 2272 1918 li
2301 1845 2455 1919 rnastdono

822 1976 886 2051 per
912 1948 1153 2025 Anlassadore
1182 1948 1214 2019 el
1237 1948 1413 2020 cavalisri
1435 1948 1491 2019 Μ.
1520 1940 1687 2015 Ludoviso
1709 1944 1928 2042 Bentiuoglio
1942 1943 1998 2017 che
2022 1943 2052 2017 lo
2080 1943 2232 2039 placasse
2246 1950 2386 2021 aveuire
2396 1964 2458 2042 per

826 2051 1001 2149 Bologna:
1026 2075 1043 2122 e
1072 2052 1136 2121 cosi
1154 2043 1254 2135 fiecie
1276 2067 1337 2143 per
1364 2068 1427 2119 sua
1454 2062 1553 2117 usata
1576 2042 1694 2115 virtti.

779 2151 926 2247 capitolo
958 2149 1074 2219 XXll.
1099 2150 1196 2217 cons
1220 2144 1317 2242 doppo
1344 2146 1381 2218 la
1407 2161 1507 2217 morte
1537 2139 1576 2211 de
1598 2158 1686 2234 μμ
1710 2143 1763 2235 pio
1786 2138 1920 2215 secundo
1946 2164 2070 2218 sucesse
2103 2142 2202 2238 paulo
2231 2138 2399 2217 secunda:
2426 2142 2456 2213 el

823 2250 923 2347 quale
950 2246 1183 2320 clianandoa
1210 2246 1315 2317 Roma
1337 2245 1369 2316 el
1396 2240 1575 2314 cardinale
1603 2240 1659 2309 M.
1684 2239 1813 2338 Agnolo
1847 2239 1893 2313 da
1922 2241 2040 2317 Rliete
2072 2266 2128 2315 tuo
2154 2242 2279 2339 Legata
2311 2239 2456 2337 ponendo

825 2354 861 2421 in
885 2349 979 2445 luogo
1002 2343 1041 2417 ale
1075 2368 1143 2418 esso
1173 2344 1205 2416 el
1220 2363 1405 2440 generoso:
1434 2366 1451 2413 e
1477 2336 1667 2411 Reverendo
1697 2338 1941 2413 Protlsonotario
1970 2342 2025 2415 M.
2049 2343 2195 2415 Gioanne
2229 2343 2383 2436 Baptista
2417 2338 2457 2413 de
2504 2378 2506 2385 ·

826 2447 971 2523 Sabelli:
991 2445 1084 2518 uolse
1112 2443 1254 2515 andasse
1272 2443 1321 2513 eol
1348 2438 1436 2513 desto
1452 2434 1632 2511 cardinale
1646 2435 1678 2509 el
1700 2436 1894 2513 nobilissimo
1907 2439 2107 2537 Caoaglieri
2122 2444 2177 2517 Μ.
2191 2438 2356 2513 Ludouico
2373 2442 2458 2512 Ben-

565 2640 572 2648 .
671 2621 675 2627 ,
830 2546 969 2643 tiuoglio
991 2563 1051 2639 per
1079 2540 1200 2616 vedere
1228 2564 1289 2611 uno
1316 2539 1375 2614 else
1397 2536 1561 2612 chiamase
1583 2559 1617 2607 tt
1641 2552 1765 2630 potasse
1789 2544 1911 2613 sineno
1939 2540 2133 2613 Citadinae
2161 2562 2244 2613 conse
2271 2562 2334 2612 aon
2353 2539 2379 2611 li
2397 2558 2456 2633 pa·

823 2664 857 2719 te
881 2641 1009 2716 andare
1030 2665 1089 2737 per
1114 2664 1199 2711 novo
1221 2636 1408 2731 accidente3
1435 2638 1466 2709 el
1489 2636 1586 2733 qoale
1607 2633 1774 2804 pqlianda
1799 2634 1932 2737 appiano
1956 2637 1981 2708 li
2005 2661 2114 2712 venne
2137 2660 2196 2734 pes
2220 2639 2254 2746 la
2277 2638 2383 2711 salute
2416 2635 2457 2708 de

824 2744 972 2840 Bologna
997 2738 1127 2837 quando
1151 2762 1185 2811 se
1207 2734 1275 2830 fece
1299 2759 1394 2833 sopra
1420 2736 1452 2809 el
1472 2752 1597 2810 cantato
1646 2756 1665 2804 e
1687 2736 2014 2849 quellalaspcissinta
2038 2736 2205 2838 battaglia
2219 2756 2275 2811 tra
2299 2737 2329 2809 lo
2355 2759 2460 2810 essee·

821 2848 884 2915 sito
912 2840 950 2911 de
978 2840 1013 2911 la
1036 2841 1112 2937 lega
1136 2862 1154 2908 ο
1178 2837 1283 2933 quello
1307 2834 1347 2908 de
1371 2836 1578 2909 l'entaiatsi.

777 2940 924 3037 capitolo
950 2938 1081 3011 XXlll.
1105 2936 1257 3032 parlante
1279 2937 1337 3008 ala
1360 2937 1473 3031 patria
1497 2931 1537 3005 ale
1561 2933 1730 3030 Bologna,
1755 2952 1788 3007 et
1811 2934 1859 3009 ali
1882 2932 2029 3010 Citadini
2048 2936 2116 3035 per'
2132 2955 2204 3010 essa
2228 2951 2353 3033 quanto
2387 2956 2460 3010 sano

823 3042 930 3112 tenuti
953 3037 988 3109 al
1014 3036 1214 3133 Cavaglieri
1240 3034 1293 3104 M.
1311 3036 1478 3107 Ludooico
1492 3031 1700 3129 Bentiuoglio
1721 3054 1781 3130 per
1804 3034 1836 3107 le
1863 3059 1920 3109 esse
1945 3040 2058 3130 optine
2074 3039 2248 3130 operationi
2273 3028 2460 3131 confortata·

820 3137 885 3211 doli
910 3157 932 3207 a
955 3133 1297 3259 seguirenli'exempli
1319 3133 1361 3207 de
1384 3132 1492 3232 quelle
1515 3136 1551 3204 iu
1574 3128 1724 3221 beneficio
1746 3131 1787 3206 de
1811 3134 1879 3208 loro
1916 3136 2120 3211 exaltatione
2144 3134 2185 3209 sle
2210 3134 2246 3207 la
2271 3133 2333 3209 Re:
2359 3154 2460 3231 pasce

777 3236 1232 3431 callssllnlollttll‘llslno
1255 3353 1273 3401 e
1296 3330 1481 3407 conclusiva
1500 3327 1660 3430 parlando
1681 3330 1718 3407 al
1740 3349 1837 3429 opera
1860 3290 2211 3431 utetaplroricantents.

1559 3431 1676 3506 Finis.
1774 3448 1776 3461 ’

775 3528 852 3609 1οοὶ
869 3551 972 3627 segue
986 3556 1036 3601 =
1050 3526 1291 3629 Epptlaplriusn
1311 3550 1371 3626 pro
1394 3527 1546 3629 Magnis.
1571 3526 1671 3627 eqi.
1696 3533 1796 3607 Dilso.
1820 3528 1987 3607 Ladoniso
2011 3530 2186 3609 Beatiuolo
2209 3550 2258 3605 erc
2284 3526 2458 3607 atnerali·
2594 3538 2595 3553 ¹

821 3633 853 3705 le
879 3634 1041 3707 Canonico
1069 3631 1162 3705 Dio.
1179 3627 1237 3729 Jo.
1256 3633 1411 3729 Baptista
1434 3628 1474 3703 de
1498 3633 1592 3705 Auro
1615 3630 1764 3707 edituos.

1070 3828 1133 3903 Da
1157 3826 1334 3903 lachrimas
1354 3834 1500 3926 patria:
1522 3848 1555 3902 et
1579 3833 1696 3927 nigrat
1719 3852 1805 3901 nunt
1829 3826 1926 3902 induc
1949 3845 2064 3905 uestes
2125 3917 2128 3922 ¹

1068 3931 1150 4004 Heu
1174 3932 1259 4003 iacet
1283 3934 1405 4004 coniux
1430 3948 1462 4001 et
1484 3947 1579 4026 pater
1606 3954 1676 4004 esee
1701 3946 1804 4002 tuus.

1069 4028 1256 4105 Bentiaolae
1275 4033 1391 4128 gentis
1416 4029 1605 4104 ludovicus
1630 4046 1757 4102 tractus
1783 4023 1831 4099 ad
1851 4044 1946 4102 astra

1068 4130 1144 4230 Qi
1159 4125 1233 4224 fnit
1256 4150 1279 4200 a
1305 4127 1428 4201 Mundi
1449 4133 1599 4226 principe
1616 4123 1733 4227 flnctus
1758 4128 1869 4226 Eques

1069 4227 1218 4298 Pensata
1241 4231 1373 4300 uirtute
1398 4231 1470 4301 viri
1496 4228 1557 4301 sed
1579 4227 1719 4302 tradidit
1743 4249 1849 4299 etatem

1068 4329 1148 4430 Qu
1170 4323 1248 4396 solet
1273 4323 1327 4398 lsc'c
1350 4347 1443 4422 reges
1467 4328 1597 4424 cingere
1621 4348 1732 4425 quove
1755 4321 1878 4397 duces.

780 4523 842 4602 toi
865 4519 1039 4600 comiaclo
1058 4518 1082 4594 l’
1108 4521 1228 4616 Opera
1242 4543 1290 4590 =
1308 4521 1490 4620 Magnifica
1514 4540 1586 4622 atq.
1604 4544 1761 4620 generoso
1786 4522 1902 4618 Equiti
1925 4523 2003 4596 Dilo
2029 4521 2195 4598 Ludouieo
2233 4521 2271 4596 de
2296 4525 2460 4598 Bennios·

828 4623 898 4698 list
923 4644 980 4696 nec
1004 4643 1067 4694 non
1089 4624 1177 4694 sacri
1198 4621 1318 4715 palatii
1342 4621 1560 4695 lateranensis
1583 4622 1652 4718 dig.
1679 4622 1799 4691 coniti
1829 4620 1973 4716 Joannes
2009 4621 2196 4696 Sabadinus
2230 4622 2269 4696 de
2296 4623 2460 4722 Argentit

823 4725 963 4797 Bououie
988 4719 1088 4789 Urbis
1109 4719 1248 4790 salutern
1270 4717 1318 4807 pl.
1340 4736 1373 4788 et
1394 4714 1588 4814 filieitatem
1613 4719 1713 4788 dicit:
1742 4715 1840 4788 Liber
1864 4720 1981 4789 cs'os'se
2006 4719 2132 4790 Salutis
2146 4720 2297 4813 feliciter
2319 4723 2436 4816 inscipit
2456 4769 2466 4796 .

775 4828 915 4919 Quota
940 4815 1030 4889 volte
1046 4810 1154 4911 suani
1179 4809 1344 4884 nedesiasa
1365 4811 1528 4905 pensando
1556 4813 1653 4911 Mag.
1681 4815 1741 4886 snio
1765 4815 1944 4890 Caualiero
1966 4814 2071 4886 leant·
2094 4840 2133 4888 us
2163 4820 2336 4915 geatileae
2373 4819 2465 4894 della
2578 4813 2580 4818 ’

823 4932 942 4990 vostra
966 4913 1099 4986 lllustre
1114 4906 1297 5007 fianiglia:
1326 4925 1358 4980 et
1382 4908 1413 4980 le
1437 4913 1587 4984 uirtaose
1612 4931 1702 5006 opere
1725 4911 1765 4983 de
1788 4919 1848 4986 usti
1872 4913 1980 4987 idonee
2004 4839 2230 4989 inlustrare
2256 4941 2347 4992 otnne
2370 4921 2463 4993 stobi·

823 5015 949 5086 listina
975 5011 1070 5082 Citta
1094 5013 1138 5081 sai
1154 5003 1239 5104 flauo
1263 5028 1326 5081 non
1349 5027 1455 5083 senaa
1482 5012 1686 5110 naraoiglia
1711 5033 1783 5084 suns
1806 5012 1832 5084 l'
1860 5017 1966 5086 anino
1990 5010 2030 5085 de
2044 5011 2213 5107 jocondita
2234 5022 2329 5112 piano
2354 5025 2465 5094 niue·

824 5135 862 5186 rt
885 5113 921 5185 al
945 5106 1053 5183 mondo
1075 5128 1135 5206 per
1160 5107 1191 5180 le
1215 5107 1313 5206 quale
1336 5129 1406 5180 cose
1443 5113 1551 5206 priua
1582 5108 1778 5208 posponendo
1801 5110 1837 5183 la
1862 5112 2035 5186 naturale:
2058 5132 2089 5188 et
2104 5113 2209 5203 fidele
2233 5121 2303 5190 attia
2328 5122 2464 5192 natione

824 5210 896 5288 alla
921 5211 1024 5283 Cassa
1049 5206 1217 5281 bennuola
1242 5230 1291 5278 ne
1313 5203 1399 5280 lrano
1423 5213 1499 5306 ogni
1517 5213 1633 5309 giorno
1657 5231 1679 5282 a
1703 5209 1814 5308 quella
1825 5208 1921 5307 faceto
1943 5209 2264 5310 affictionatissirno:
2289 5235 2323 5300 et
2347 5223 2464 5292 nasci·

826 5328 933 5385 mente
956 5305 1136 5384 aouidasni
1148 5330 1158 5381 ε
1183 5323 1305 5405 quanto
1329 5308 1480 5404 singular
1500 5308 1628 5405 padre:
1653 5329 1686 5384 et
1711 5315 1742 5382 io
1767 5331 1851 5384 corne
1875 5310 2028 5411 figliuolo
2062 5331 2278 5414 quantunque
2320 5315 2461 5420 indegno

825 5409 871 5484 da
894 5413 958 5484 vui
982 5407 1202 5508 affalilnente
1222 5425 1331 5478 arnaco
1353 5408 1421 5479 circ.
1965 5462 1968 5468 .
2252 5455 2254 5458 -

786 5502 875 5587 coei
900 5525 1119 5623 segertuttca
1142 5507 1168 5579 l’
1194 5507 1313 5620 φρομ
1336 5504 1451 5621 dissipa·
1467 5504 1502 5579 in
1528 5505 1905 5624 Capitoliuepdogni
1930 5505 2090 5605 capitolo.
2111 5531 2201 5589 tono
2238 5513 2379 5610 tipetoti
2403 5515 2455 5617 gli

782 5625 1025 5782 lnalilllmclellll
1051 5608 1332 5802 &2⁵2ssss
1333 5625 1478 5778 rdlccllllso
1487 5609 1622 5780 {0⁸11le
1642 5631 1715 5782 'llis
1726 5605 1871 5804 ‘iiiiii
1884 5703 2049 5804 Epigtafe
2075 5708 2188 5787 Greca

1562 5821 1681 5892 τελοο

780 5919 909 5996 Sonetti
932 5914 1012 5991 dello
1036 5913 1161 5989 erudito
1184 5918 1239 5990 M.
1264 5914 1446 6016 Manfredo
1469 5919 1633 5995 Volturcio
1656 5917 1690 5993 d'
1716 5921 1867 5995 Arimine
1891 5923 1927 5995 in
1951 5916 2047 5996 lande
2071 5921 2203 6008 delM.
2230 5926 2272 6004 G.
2308 5927 2364 6001 M.
2390 5926 2460 6001 Lu·

830 6017 946 6092 doviso
970 6016 1205 6116 Boutivoglio‚
1231 6036 1263 6091 et
1285 6037 1344 6113 per
1369 6019 1406 6092 la
1427 6037 1576 6116 presente
1602 6021 1744 6117 Opera.
2475 6053 2478 6083 s

781 6119 842 6197 Ne
864 6115 1053 6194 tilesisemo
1077 6139 1145 6192 ano
1170 6139 1231 6215 pec
1254 6117 1497 6218 saggioeoegli
1521 6119 1599 6197 altri
1628 6137 1706 6212 tte,
1729 6121 1796 6198 clse
1820 6119 2026 6224 seguitano,
2055 6121 2151 6202 dello
2175 6139 2281 6203 stesso
2305 6124 2410 6203 stile.

2310 6324 2411 6398 Man·
