5584 7900
843 1099 917 1177 ιον
1189 1048 1539 1159 soornuun
1576 1042 1608 1123 s
1646 1036 2083 1123 counnzsonr

789 1240 999 1339 Conehiude
1024 1238 1037 1315 i
1059 1231 1136 1317 suoi
1159 1232 1286 1331 quesiti
1314 1214 1542 1323 ii'Tartagiia
1557 1219 1593 1295 in
1610 1231 1734 1315 questo
1749 1213 1856 1291 modo
1873 1205 2158 1305 :dapniscrittt
2184 1208 2226 1279 oi
2240 1204 2357 1305 firmos
2382 1212 2488 1285 inten-

843 1349 943 1436 tere,
968 1340 1025 1419 ebe
1052 1359 1168 1435 seper
1193 1348 1278 1405 sorte
1304 1330 1363 1403 troi
1386 1349 1449 1399 non
1474 1322 1595 1419 raperti
1618 1318 1778 1391 riroivere
1813 1316 1839 1387 tt
1873 1312 2077 1411 suprascritti
2100 1310 2175 1385 miei
2200 1314 2290 1399 etsi,
2329 1310 2399 1387 cosi
2435 1314 2488 1385 nei
2558 1354 2560 1363 ,

840 1448 931 1533 detto
955 1442 1088 1518 termine
1112 1435 1151 1509 de
1180 1452 1239 1528 ος.
1258 1430 1371 1529 pietro
1394 1423 1488 1522 depoi
1504 1424 1540 1497 Ia
1565 1420 1801 1516 presentatione
1824 1413 1864 1487 tie
1884 1411 2015 1512 quelli,
2035 1410 2077 1481 vi
2099 1408 2233 1483 concedo
2258 1412 2276 1507 (
2287 1430 2347 1505 per
2374 1433 2488 1484 manco

842 1539 964 1624 nostra
988 1535 1151 1637 infamia)
1175 1528 1234 1606 cie
1257 1524 1437 1603 solvendoii
1461 1544 1559 1606 tneor
1583 1517 1675 1614 dapoi
1701 1516 1737 1589 ai
1764 1514 1851 1589 detto
1876 1516 2011 1587 termine
2038 1532 2085 1581 un
2111 1532 2192 1583 mese
2204 1557 2215 1601 ,
2236 1528 2272 1582 et
2296 1534 2392 1584 tneor
2416 1511 2492 1599 dui,

849 1672 869 1723 ο
893 1646 1000 1730 tutti,
1024 1660 1107 1713 over
1122 1650 1245 1733 perte,
1271 1627 1328 1703 ebe
1348 1628 1485 1725 possitti
1507 1620 1655 1723 publices·
1679 1614 1710 1688 ie
1733 1611 1819 1687 dette
1843 1631 1956 1687 vostre
1979 1608 2159 1701 solutioni,
2185 1608 2378 1693 intendendo
2408 1612 2495 1709 pero

855 1768 940 1823 seno
964 1741 1061 1816 tisun
1085 1738 1147 1812 mio
1169 1737 1324 1807 intereeso
1348 1728 1382 1801 tt
1402 1728 1533 1823 pretio,
1558 1742 1600 1792 ne
1623 1714 1658 1789 tt
1687 1716 1830 1793 honore.

795 1848 874 1937 Noi
900 1868 973 1919 non
998 1836 1156 1920 abbiamo
1179 1828 1265 1906 sott'
1291 1825 1417 1900 ocehio
1444 1822 1479 1895 ia
1503 1821 1674 1913 risposta,
1700 1814 1767 1891 else
1792 1812 1816 1889 il
1851 1810 2033 1900 Caedani,
2058 1832 2082 1885 e
2108 1810 2134 1886 il
2161 1811 2288 1899 Ferrari
2322 1808 2442 1889 fecero
2469 1828 2493 1884 a

849 1962 972 2046 questa
994 1936 1078 2013 sfida
1102 1931 1161 2011 dei
1187 1923 1359 2013 Tantalia3
1385 1940 1445 1995 ma
1469 1938 1506 1994 se
1531 1914 1616 1991 solsi
1642 1929 1772 2009 prestas
1799 1910 1879 1989 fede
1901 1911 1970 1987 aila
1995 1926 2093 1986 tesza
2116 1914 2266 2007 rispostr
2291 1912 2369 1987 data
2406 1909 2491 1985 loro

838 2045 900 2124 dai
923 2034 1073 2117 intralia
1098 2047 1233 2115 stesso,
1255 2020 1413 2111 sembra,
1439 2016 1504 2094 ehe
1529 2010 1633 2115 quelli
1661 2034 1732 2088 uon
1757 2010 1989 2087 siseriressero
2017 2012 2144 2086 dentro
2170 2012 2181 2081 i
2208 2010 2325 2110 giomi
2349 2011 2493 2106 quindi-

843 2146 900 2236 οἱ,
927 2162 972 2219 oe
995 2130 1233 2230 sciogiiessero
1258 2120 1381 2199 aieuno
1407 2117 1463 2197 dei
1490 2136 1550 2219 3¹·
1575 2112 1699 2212 quesiti
1735 2110 1926 2209 propossie
1952 2110 2209 2205 ma‘piuttoeto
2251 2124 2496 2186 nuovamgnte

845 2245 884 2320 io
910 2235 1108 2313 invitassem
1131 2228 1174 2305 ad
1200 2245 1267 2303 una
1289 2220 1435 2297 solenne
1459 2217 1595 2313 disputa
1637 2214 1859 2287 matematica
1895 2210 1939 2284 da
1966 2210 2094 2286 reuersi
2121 2234 2146 2287 o
2169 2210 2205 2285 in
2230 2210 2379 2299 Roma,
2404 2234 2430 2284 o
2456 2208 2495 2285 iu

806 2378 809 2385 ·
844 2344 993 2427 Roma,
1016 2357 1041 2408 o
1066 2329 1101 2403 in
1125 2328 1297 2414 Firenze,
1324 2319 1417 2395 oin·
1433 2315 1534 2407 Pisa,
1556 2338 1581 2390 o
1609 2312 1644 2389 in
1673 2310 1858 2411 Boiogna,
1884 2312 2038 2386 secondo
2059 2310 2126 2386 che
2148 2308 2208 2407 piri
2234 2311 2386 2406 piacesoe
2412 2306 2493 2384 allo

842 2457 954 2532 ,stesso
976 2425 1175 2532 Tartaglia.
1201 2422 1230 2500 11
1255 2418 1359 2523 quale
1384 2418 1481 2512 dopo
1499 2411 1616 2529 essersi
1639 2433 1708 2485 eon
1735 2413 1842 2586 iunpo
1867 2411 1943 2511 giro
1967 2410 2002 2485 di
2028 2408 2143 2509 parole
2167 2428 2328 2498 sensato,
2351 2404 2487 2503 perche

845 2561 923 2619 non
947 2552 1061 2611 averse
1085 2540 1261 2604 toeettato
1283 2519 1392 2617 prima
1415 2515 1449 2591 la
1475 2514 1623 2611 disputa,
1639 2512 1787 2589 eonehiu
1811 2533 1857 2586 e.
1874 2512 1965 2583 Facio
1990 2508 2154 2585 intendere
2176 2529 2198 2583 tt
2221 2515 2282 2585 voi
2304 2506 2490 2582 Ecceilenti

850 2640 984 2717 Μοοονν
1007 2630 1198 2704 Hieronimo
1222 2619 1403 2705 Cardono,
1428 2633 1462 2688 et
1485 2636 1508 2687 n
1533 2614 1590 2688 voi
1618 2612 1670 2683 Μ.
1695 2611 1857 2686 Lodooico
1882 2614 2019 2685 Feretro
2057 2608 2237 2711 quaintente
2270 2614 2315 2684 mi
2338 2604 2493 2681 contento

852 2758 888 2817 et
912 2736 1134 2832 riegrtnrente
1148 2736 1269 2797 tceetts
1293 2716 1328 2791 di
1352 2718 1470 2790 venire
1494 2710 1542 2788 td
1562 2711 1716 2784 ultimate
1740 2711 1775 2784 it
1797 2730 1910 2784 nostre
1923 2704 2321 2809 dispntt',ovrrtfenire
2346 2704 2381 2781 di
2404 2726 2499 2800 pur·

876 2837 958 2912 orni
982 2828 1031 2903 tu
1053 2842 1139 2901 tutto
1163 2824 1199 2893 in
1226 2840 1293 2892 nne
1318 2813 1353 2891 tt
1377 2814 1484 2915 qneiie
1524 2830 1658 2909 questro
1694 2810 1788 2884 Cittti
1813 2828 1906 2883 tante
1931 2811 2022 2883 volte
2056 2805 2100 2881 dt
2123 2812 2183 2883 voi
2203 2823 2377 2903 proposse,
2403 2824 2495 2875 over

748 2980 753 2987 ·
861 2938 1033 3031 assignate
1057 2922 1156 3024 quale
1181 2943 1229 2994 me
1250 2912 1375 3015 parenti
1400 2916 1465 2987 cini
1488 2914 1506 2984 ο
1532 2918 1567 2984 in
1593 2912 1716 3002 Rome,
1742 2933 1824 2985 over
1849 2913 1884 2981 in
1912 2911 2074 2998 Firenne,
2100 2929 2182 2981 over
2205 2910 2240 2978 in
2267 2905 2376 2991 Pisa,
2412 2922 2496 2975 over

851 3047 889 3116 in
914 3030 1091 3128 Boiogna.
1118 3022 1280 3095 Domeote
1299 3015 1357 3093 ebe
1380 3016 1480 3113 quini
1503 3014 1538 3084 in
1562 3010 1694 3085 Venetia
1709 3006 1782 3107 fieti
1807 3005 1865 3083 ebe
1887 3008 2001 3082 altono
2022 3026 2161 3103 persone
2197 3009 2309 3079 sicera
2346 3020 2496 3101 promere

934 3130 993 3206 eroi
1017 3125 1189 3199 aitretanti
1213 3115 1331 3192 denam
1354 3117 1474 3213 quanti
1498 3108 1556 3186 she
1580 3132 1603 3184 e
1628 3134 1677 3184 me
1699 3109 1820 3206 prrrrci
1845 3107 1889 3182 dt
1913 3108 2091 3203 depositone
2113 3127 2173 3204 per
2193 3104 2247 3205 fin
2273 3102 2345 3177 eila
2368 3122 2492 3179 somma

846 3236 889 3313 ‘te
917 3252 1001 3307 200.
1026 3221 1116 3300 studi
1140 3224 1253 3294 οὶοονοο
1273 3218 1331 3313 pisi
1356 3214 1449 3288 voire
1470 3233 1530 3309 per
1554 3214 1663 3287 vostri
1690 3209 1831 3284 Certeiii
1856 3211 1914 3283 rroi
1938 3230 1984 3280 or
2008 3214 2078 3281 sete'
2100 3204 2207 3303 offirti
2219 3255 2230 3278 .
2243 3205 2292 3277 Et
2307 3198 2497 3301 festoque,

848 3356 899 3413 rto
924 3328 1030 3405 subito
1052 3321 1186 3410 subito,
1207 3340 1268 3416 per
1293 3316 1328 3387 tn
1350 3316 1458 3411 ptimo
1480 3314 1626 3409 postitio
1651 3314 1692 3386 vi
1717 3309 1799 3384 dori
1823 3312 1921 3383 artiso
1947 3310 1982 3379 in
2006 3307 2089 3405 quai
2113 3303 2210 3379 Cistu
2235 3302 2319 3375 terte
2352 3320 2488 3402 questro

792 3441 794 3444 ’
846 3459 872 3513 tt
898 3453 948 3506 tte
967 3439 1112 3526 proprtte
1136 3424 1194 3495 vui
1219 3414 1363 3491 debbirtti
1387 3414 1527 3503 venire,
1550 3430 1584 3486 et
1607 3431 1632 3483 a
1655 3410 1732 3511 quei
1750 3412 1868 3509 giorno
1894 3433 1939 3499 rte
1958 3407 2012 3505 gtt
2037 3405 2186 3479 debbs'ate
2209 3421 2417 3495 tetrottere,
2442 3417 2497 3492 trs-fi

845 3520 1053 3633 ‘signandooi
1079 3522 1215 3597 termine
1238 3516 1478 3601 conveniente,
1502 3534 1560 3586 son
1585 3529 1702 3610 questa
1724 3498 1978 3607 protestatione,
2005 3504 2062 3581 ebe
2088 3530 2122 3579 se
2152 3504 2264 3580 ’dcun
2291 3502 2327 3577 tt
2350 3506 2406 3576 mst'
2428 3528 2493 3577 non

848 3621 1035 3726 comperiri
1061 3623 1097 3692 in
1122 3615 1214 3692 detta
1238 3612 1333 3689 Cittti
1358 3612 1394 3686 ot
1419 3614 1582 3699 termine,
1609 3608 1666 3685 ebe
1690 3612 1864 3706 assignari
1883 3654 1893 3700 ,
1915 3626 1948 3681 es
1976 3626 2036 3703 per
2058 3608 2170 3703 giorni
2197 3624 2231 3704 5.
2258 3602 2378 3701 depoi,
2413 3601 2494 3702 quei

793 3738 796 3742 ’
851 3732 923 3812 tait
945 3752 980 3803 se
1004 3716 1139 3796 intendo
1163 3738 1250 3791 ever
1272 3736 1367 3812 perse
1393 3715 1474 3787 tutti
1498 3710 1524 3782 ii
1549 3708 1669 3784 donari
1695 3707 1894 3803 depositori,
1919 3724 1952 3779 et
1978 3703 2035 3779 she
2061 3705 2167 3795 coiri,
2192 3703 2250 3778 che
2272 3702 2381 3778 anerei
2395 3702 2421 3773 ii
2437 3705 2496 3777 de.

849 3831 953 3932 posito
977 3822 1062 3899 neiie
1088 3821 1177 3893 meni
1203 3819 1256 3891 sia
1279 3830 1390 3887 tennto
1414 3832 1436 3882 a
1456 3808 1542 3882 darii
1566 3811 1602 3882 ai
1627 3812 1791 3883 veneitore
1816 3827 1922 3883 senet
1945 3805 2064 3880 aisono
2089 3804 2342 3898 contraditione3
2361 3822 2396 3875 et
2421 3822 2497 3875 con-¹

846 3926 934 4007 'esde
959 3940 1103 4010 anema,
1130 3912 1322 3992 theineri
1347 3908 1441 3985 Cittti
1465 3912 1516 3984 sit
1540 3909 1647 3983 eiletto
1674 3928 1707 4011 3.
1729 3905 1856 4006 giudiei
1881 3906 2010 3997 idonei,
2038 3924 2070 3980 et
2095 3928 2157 3979 non
2180 3908 2337 4003 sospetti,
2364 3907 2375 3974 i
2400 3902 2500 4001 quoii
2592 3969 2593 3988 ,

855 4027 996 4108 abbiano
1020 4017 1068 4093 td
1089 4015 1219 4107 attin,
1246 4033 1279 4088 et
1305 4009 1426 4124 dapoi
1449 4032 1472 4083 ο
1495 4011 1694 4084 sententiare
1719 4011 1754 4078 in
1779 4012 1891 4082 scritto
1916 4007 1942 4080 tt
1962 4027 2064 4102 parer
2102 4007 2187 4080 ltro.
2216 4005 2293 4080 Indi
2318 4024 2496 4080 annovera

857 4127 910 4231 gli
935 4118 1089 4211 Antoni,
1111 4137 1213 4214 sopra
1238 4111 1250 4185 i
1272 4110 1367 4209 queis
1390 4111 1501 4184 dorsi
1527 4111 1649 4184 cadere
1674 4107 1708 4180 la
1734 4107 1900 4200 disputa;
1928 4107 1993 4182 che
2016 4129 2103 4182 sono
2128 4103 2293 4192 Euclide,
2310 4101 2498 4179 Archime·
2592 4109 2593 4134 ¹

854 4234 931 4316 de,
956 4213 1161 4318 Apoionio,
1187 4211 1391 4302 Toiomeo,
1414 4207 1590 4285 Giouanni
1615 4205 1651 4282 di
1677 4205 1807 4281 Monte
1845 4206 1988 4304 Regio,
2026 4204 2234 4294 Giordano,
2271 4199 2497 4290 Vitellione,

858 4322 1045 4413 Vitruvio,
1066 4340 1089 4396 e
1115 4311 1282 4393 Stiselio.
1307 4315 1470 4386 Accenna
1488 4330 1616 4382 ancora
1639 4306 1672 4380 ia
1697 4306 1828 4401 pratica
1852 4303 2039 4380 aritmetica
2066 4301 2156 4376 deiio
2181 4318 2287 4375 stesso
2312 4301 2496 4388 Cardono,

855 4447 879 4504 s
903 4420 937 4496 12
961 4441 1021 4494 sua
1044 4437 1104 4491 err
1126 4434 1274 4513 magna,
1301 4411 1368 4483 che
1391 4406 1415 4480 ii
1441 4404 1618 4504 Tarttglia
1642 4402 1797 4495 chiama,
1816 4428 1926 4480 cansa·
1941 4403 1978 4478 de
2002 4406 2075 4504 ogni
2103 4415 2217 4472 nostro
2241 4394 2324 4469 maie
2339 4446 2349 4467 .
2366 4396 2495 4472 Porcia

859 4517 1034 4620 preterire
1058 4513 1084 4587 il
1108 4513 1253 4592 metodo
1276 4505 1368 4584 della
1382 4505 1552 4584 dunum
1575 4527 1597 4569 e
1618 4506 1842 4570 meunt„
1860 4501 2008 4586 fit-lau
2029 4502 2064 4560 t.
2090 4501 2182 4581 eopia
2205 4495 2238 4556 ri·
2261 4510 2500 4583 aversensem.

857 4637 906 4717 ptr
928 4608 992 4688 titt
1017 4623 1076 4704 ος.
1102 4605 1136 4672 ei
1154 4599 1281 4698 gingno
1311 4607 1430 4689 1547,
1443 4605 1547 4684 appar
1567 4603 1718 4683 presente
1741 4591 1797 4661 Μ.
1823 4590 2010 4684 Domenego
2032 4582 2087 4656 del
2108 4609 2143 4680 q.
2169 4583 2270 4654 Dona
2309 4587 2497 4664 Centone

863 4718 920 4790 M.
947 4709 1015 4783 Ρνο
1039 4708 1167 4798 iseppeo
1192 4689 1331 4768 Rodeiit
1354 4691 1551 4778 Briseitno,
1578 4685 1673 4786 quoii
1695 4711 1729 4762 se
1761 4689 2058 4764 sottoterirrertnnr
2082 4682 2122 4757 de
2145 4703 2209 4759 sut
2228 4687 2363 4782 proprie
2388 4709 2494 4768 rste.

857 4815 913 4891 lid
938 4807 974 4883 in
999 4800 1079 4882 fatti
1102 4792 1264 4874 vediano
1293 4787 1327 4866 le
1351 4787 1433 4864 loro
1455 4785 1733 4863 tortoserizioni.

802 4917 871 5003 Ma
894 4909 1050 4988 siccome
1073 4897 1097 4968 ii
1121 4889 1314 5004 miano,
1339 4905 1362 4960 e
1385 4883 1410 4958 il
1435 4884 1561 4962 Fessari
1579 4888 1760 4965 douevano
1784 4910 1866 4964 auer
1889 4898 2057 4986 proposse
2080 4885 2185 4962 aoch’
2210 4887 2273 4963 essi
2287 4886 2398 4964 alcuni
2411 4913 2492 4986 peo-
2592 4967 2593 4974 Ν

857 5005 963 5086 bremt
988 4999 1023 5075 ai
1048 4984 1253 5088 Taetagha5
1277 4982 1351 5061 cosi
1373 4983 1484 5082 questi
1509 4987 1536 5062 si
1562 4984 1597 5062 ia
1622 5011 1644 5064 a
1668 4986 1833 5064 risoluesii
1859 4987 2089 5086 pubblieando
2113 4969 2204 5063 sina:
2233 4989 2387 5082 Rirpostt
2423 4993 2493 5065 eir.

850 5128 892 5188 ert
916 5100 977 5178 atti
1003 5091 1158 5195 Qesiti,
1186 5082 1529 5204 contemnentium
1553 5085 1588 5160 di
1614 5090 1720 5182 tutti,
1745 5089 1871 5190 quelli,
1895 5086 1954 5164 che
1978 5087 2021 5164 de
2047 5113 2096 5164 ms
2127 5083 2214 5186 furo
2250 5088 2363 5163 resoiei
2384 5091 2421 5161 in
2443 5113 2490 5163 on

844 5211 963 5311 giorno
987 5221 1005 5270 ν
1029 5213 1148 5305 menno
1171 5205 1277 5263 senne
1301 5189 1572 5305 enseronpimento
1598 5184 1652 5264 dei
1676 5193 1738 5265 mio
1770 5192 1942 5267 esertitio.
1968 5189 2032 5268 Ma
2057 5189 2092 5266 di
2116 5207 2235 5284 questa
2275 5186 2486 5267 risoluzione

847 5306 905 5386 del
929 5293 1104 5394 Tartaglts
1127 5288 1259 5408 stuba
1282 5308 1483 5404 astarpoto
1507 5306 1677 5366 contento
1703 5290 1883 5368 lodovico
1909 5289 2062 5382 Ferrari,
2089 5309 2192 5364 come
2217 5287 2357 5364 dinemo
2371 5289 2411 5362 in
2427 5308 2491 5384 aps

799 5486 804 5496 ,
843 5427 986 5508 presso.
1014 5395 1155 5470 intanto
1180 5390 1204 5466 si
1228 5387 1423 5503 Tartaglra,
1452 5391 1548 5484 dopo
1573 5411 1658 5468 aues
1682 5391 1861 5489 compiute
1885 5390 1919 5465 le
1944 5413 2004 5466 sue
2040 5386 2269 5480 risoluzioni,
2293 5391 2322 5462 si
2349 5387 2507 5484 rivolge'

844 5511 1083 5584 nuovifflffliss
1107 5493 1140 5569 ²¹
1166 5491 1340 5600 Cim)
1366 5510 1387 5566 0
1412 5487 1446 5568 al
1472 5489 1628 5582 Fami,
1655 5513 1677 5568 e
1702 5508 1803 5568 torna
1827 5515 1848 5567 a
1873 5490 2031 5589 sagiones
2057 5486 2148 5565 delia
2173 5485 2259 5564 sfida
2278 5508 2329 5578 ,e
2354 5484 2410 5562 del
2426 5490 2492 5562 de·

842 5606 965 5706 posito
989 5595 1217 5683 terdenam,
1244 5609 1267 5664 s
1291 5588 1369 5666 drce
1393 5588 1501 5682 loro,
1526 5588 1585 5664 ebe
1609 5594 1638 5667 si
1679 5589 1759 5670 bene
1785 5595 1814 5664 io
1840 5615 1903 5665 non
1927 5589 1969 5664 hi
1993 5593 2156 5665 rtrroonto
2182 5595 2263 5688 ique
2287 5591 2323 5658 in
2348 5585 2487 5659 l'enetia

842 5724 1007 5806 perrona,
1033 5691 1092 5774 εὖτ
1116 5692 1214 5769 obiit
1238 5687 1353 5767 voluit
1373 5709 1569 5786 promettere
1590 5709 1650 5790 pet
1677 5694 1734 5770 troi
1758 5709 1850 5766 tonte
1877 5709 1992 5769 vostre
2022 5686 2154 5789 grande
2193 5684 2332 5785 offerte,
2356 5683 2415 5758 eise
2442 5690 2492 5760 mi

842 5819 945 5882 avete
965 5794 1221 5892 pubblicemente
1235 5785 1356 5888 suste,
1380 5815 1421 5863 ne
1445 5808 1590 5867 teeetttr
1617 5791 1643 5864 ii
1666 5793 1727 5864 mio
1751 5788 1912 5888 deposito,
1941 5789 1972 5864 rt
1994 5813 2057 5869 non
2099 5807 2191 5864 resta
2214 5788 2316 5884 peri,
2340 5782 2401 5858 ebe
2426 5789 2488 5860 voi

846 5925 912 5980 non
937 5901 1021 5971 sinte
1044 5897 1148 5970 renuti
1173 5888 1350 5988 operiere
1375 5905 1467 5967 tento
1491 5909 1612 5992 quanto
1632 5890 1868 5988 pubiittmente
1892 5894 1988 5968 aneti
2008 5912 2166 5987 prometto
2191 5886 2224 5960 tt
2249 5888 2345 5960 eolre
2368 5884 2487 5982 perde.

844 6026 907 6089 re,
932 6019 1014 6073 over
1038 5993 1218 6093 depositone
1241 5992 1330 6065 cirta
1353 5991 1414 6067 atti·
1438 5995 1586 6092 quesiti,
1613 5991 1671 6068 che
1695 5995 1755 6070 voi
1780 5999 1823 6068 mi
1848 6013 1952 6068 noete
1981 5985 2130 6063 mandeti
2154 5986 2194 6061 de
2225 5991 2372 6080 potentia
2396 6009 2486 6057 aren.

848 6100 951 6188 ltus
975 6113 1088 6172 ‘OM
1115 6093 1238 6210 negti
1261 6096 1395 6262 rfffftnt
1409 6097 1428 6183 ,’
1445 6096 1511 6166 citi
1534 6093 1626 6168 rendi
1654 6114 1734 6168 roo·
1759 6093 1785 6165 Ii
1810 6093 1906 6191 quoii
1929 6094 1970 6166 tsi
1993 6090 2185 6164 νοοοοοοοοοοο·
2200 6085 2259 6159 site
2286 6091 2366 6160 tutti
2381 6082 2487 6180 fisse·

845 6223 883 6280 7⁰
906 6196 960 6272 Μ
978 6199 1172 6281 ”tufum
1198 6190 1262 6274 ⁶¹0?
1309 6217 1321 6262 t
1346 6191 1481 6291 quello,
1506 6189 1563 6266 the
1586 6195 1642 6289 piri
1666 6196 1787 6291 quesiti
1812 6214 1932 6270 averse
1965 6188 2078 6276 restiti
2102 6210 2120 6259 o
2144 6189 2203 6260 voi
2228 6183 2263 6256 tr·
2289 6188 2386 6269 miei,
2414 6209 2432 6257 o
2457 6188 2486 6256 io

844 6294 1176 6410 monotropon
1199 6293 1309 6390 mero
1335 6295 1458 6410 quero
1475 6309 1537 6396 po
1561 6291 1727 6398 totarum}
1751 6296 1781 6372 o
1804 6293 1831 6400 ts
1855 6293 1931 6400 teto
1954 6293 2094 6392 <senen
2114 6282 2293 6388 ,roano
2317 6285 2401 6362 torn
2427 6287 2487 6368 rto

2382 6407 2437 6472 Μ·
