5584 7900
836 1151 912 1236 118
1212 1136 1555 1218 AGGIUNTE
1592 1138 1624 1213 E
1662 1137 2098 1232 conmemorat

851 1313 1019 1396 memoria
1045 1307 1290 1402 exsculptum:
1314 1323 1353 1382 ut
1376 1330 1455 1384 cum
1479 1306 1599 1405 quibus
1632 1297 1860 1384 beue‘actum
1885 1321 2000 1383 esset:
2024 1306 2059 1380 bi
2083 1300 2281 1382 foelicitatis
2304 1329 2387 1386 vere
2414 1330 2483 1408 ptr·

854 1415 978 1509 ticipes
1003 1415 1246 1488 redderentur.
1275 1409 1329 1480 nd
1352 1428 1454 1503 quam
1480 1412 1756 1503 consequendam
1782 1407 1912 1482 Christi
1932 1406 2061 1502 optimi
2086 1405 2254 1482 maximi:
2279 1413 2372 1502 quod
2388 1411 2416 1486 is
2431 1411 2483 1485 ve·

852 1537 906 1592 rus
931 1529 1018 1588 esset
1045 1505 1297 1587 internuncius:
1322 1528 1408 1604 opus
1432 1506 1547 1582 luisset
1570 1504 1698 1580 auxilio
1724 1508 1812 1580 idest
1836 1507 2015 1583 misterio.
2033 1509 2108 1603 Age
2132 1521 2261 1602 quanta
2287 1503 2388 1585 suerit
2405 1513 2481 1585 cba-

852 1614 956 1689 ritate
967 1637 983 1704 ‚·
998 1611 1079 1688 hine
1103 1610 1178 1686 sciti
1205 1621 1322 1704 potest
1347 1610 1441 1704 quod
1466 1625 1640 1702 nunquam
1664 1602 1844 1681 emulator
1866 1603 1970 1684 iuerit
1985 1631 2000 1682 :
2015 1627 2190 1700 nunquam
2203 1625 2383 1702 perperam
2407 1633 2485 1708 ege·

852 1710 917 1790 tit:
944 1733 1086 1788 omnem
1113 1707 1278 1800 vitaverit
1301 1709 1560 1804 arrogantiam,
1582 1724 1792 1802 omnemque
1814 1703 2074 1780 ambitionem.
2098 1705 2191 1803 Qua
2216 1707 2261 1780 ad
2287 1728 2325 1783 se
2350 1710 2485 1785 minime

851 1813 1049 1890 attinebant
1074 1829 1245 1905 uunquam
1271 1807 1504 1898 conquisivit:
1528 1805 1673 1900 Semper
1697 1808 1782 1880 itant
1803 1827 1814 1881 :
1839 1817 1879 1880 et
1903 1803 1930 1879 si
1957 1806 2017 1900 qui
2051 1806 2160 1901 ipsum
2195 1802 2312 1879 iniuria
2347 1809 2487 1887 lacesse·

853 1930 961 1988 reot:
987 1932 1057 1986 nou
1081 1918 1265 1987 deessent:
1293 1903 1469 1977 cohibuit:
1497 1902 1591 1976 nulla
1615 1923 1765 1999 unquam
1792 1903 1911 2002 iniqua
1934 1905 2107 2002 cogitatio
2131 1900 2202 1991 eius
2226 1904 2376 1982 animum
2402 1908 2486 1981 subi·

853 2011 929 2088 vit.
957 2011 1119 2083 Videmus
1144 1998 1363 2096 complures:
1387 1999 1446 2095 qui
1471 2021 1550 2076 cum
1573 1999 1703 2078 scelera
1728 2001 1988 2078 admittuntur:
2012 2000 2202 2080 incredibili
2243 2003 2384 2081 eriliunt
2407 2031 2487 2106 gau·

849 2111 942 2186 dio.
965 2107 1023 2182 Ab
1047 2109 1115 2180 boc
1139 2099 1227 2179 vitio
1252 2099 1346 2198 quod
1370 2113 1501 2177 tetrum
1541 2117 1596 2179 est
1630 2116 1736 2195 atque
1777 2099 1954 2177 immanet
1986 2121 2120 2204 semper
2143 2099 2321 2187 abborruit
2341 2105 2486 2204 Peregri-

847 2229 940 2280 nos.

805 2307 887 2387 Nec
913 2322 1018 2416 :Uspe
1042 2299 1169 2378 alienus
1195 2299 1262 2375 fuit
1281 2321 1291 2374 :
1313 2297 1408 2372 Nam
1443 2309 1487 2371 ut
1525 2295 1561 2371 in
1603 2293 1697 2372 illam
1723 2310 1890 2413 aternam
1915 2297 2058 2376 domum
2093 2299 2308 2383 discederet:
2335 2301 2484 2381 instituit

801 2400 1094 2596 milliar:
1114 2397 2390 2602 littlutri.til::illidit.2tttf⁰1btls;:.l.‘‡tt¹.²ln.
2413 2499 2486 2574 n.

860 2602 1004 2678 tinendo
1029 2623 1042 2674 :
1065 2597 1122 2675 ille
1148 2603 1249 2674 deum
1279 2596 1434 2694 precibus
1455 2592 1663 2694 fatigando:
1685 2618 1827 2674 omnem
1853 2595 1927 2676 sere
1950 2616 2091 2677 etatem
2114 2623 2206 2676 suam
2242 2602 2484 2708 consumpsit.

807 2699 947 2782 Multos
973 2721 1128 2775 moerore
1153 2696 1340 2792 doloreque
1363 2715 1543 2792 oppressos
1569 2696 1605 2770 iu
1631 2695 1759 2772 bonam
1783 2715 1878 2794 spem
1891 2700 2052 2776 adduxit:
2068 2701 2254 2797 docuitque
2277 2725 2348 2778 ooo
2375 2721 2487 2795 opor·

850 2820 925 2882 tere
951 2800 1102 2874 humanis
1126 2798 1254 2873 casibus
1279 2795 1407 2894 frangi:
1432 2795 1492 2871 sed
1518 2795 1553 2869 in
1570 2797 1665 2873 deo:
1689 2818 1768 2879 cum
1790 2813 1913 2891 pretet
1937 2819 2019 2874 eum
2043 2821 2148 2877 nemo
2175 2801 2229 2873 illi
2255 2798 2384 2874 mederi
2407 2818 2488 2892 pos·
2582 2802 2583 2833 ³

851 2901 921 2977 sit:
951 2920 1046 2995 spem
1071 2920 1142 2974 esse
1166 2896 1429 2974 collocandam.
1453 2895 1628 2994 Quotiens
1651 2894 1700 2974 sic
1725 2899 1868 2975 adversa
1891 2892 2032 2974 fortuna
2056 2900 2091 2975 ei
2116 2896 2246 2976 bellum
2285 2895 2409 2974 indixit
2434 2912 2483 2970 at·

849 3022 918 3100 que
942 2995 1087 3072 intulit:
1114 2997 1298 3095 Nunquam
1325 3017 1403 3071 cum
1427 3017 1470 3073 ea
1494 2995 1577 3094 quin
1603 2995 1757 3096 superior
1782 2995 1991 3074 discederet:
2016 2997 2113 3096 signa
2139 2993 2315 3073 contulit.
2342 2995 2428 3068 Non
2452 3017 2483 3069 e·

849 3101 923 3176 nim
949 3094 1056 3170 malos
1081 3097 1235 3171 medicos
1261 3095 1485 3171 imitabatur:
1510 3103 1597 3194 qui:
1621 3116 1661 3173 ut
1685 3097 1735 3174 ait
1759 3096 1923 3193 Sulpicius
1946 3099 1984 3171 io
2010 3095 2129 3172 altenis
2153 3094 2283 3171 morbis
2303 3115 2341 3168 se
2365 3110 2483 3168 tenere

797 3245 798 3248 κ
851 3195 1035 3278 medicine
1059 3196 1238 3272 scientiam
1264 3193 1494 3290 profitentur:
1521 3197 1585 3305 ipsi
1612 3222 1694 3274 vero
1719 3219 1757 3273 se
1781 3219 1901 3271 curare
1925 3218 1998 3272 non
2025 3212 2188 3291 possunt:
2212 3195 2293 3269 Nec
2316 3192 2409 3288 parvi
2434 3190 2481 3267 sa·

849 3299 973 3376 cienda
997 3309 1052 3370 est
1077 3294 1317 3386 illautilitas:
1341 3317 1448 3392 quam
1471 3317 1515 3370 ex
1540 3319 1601 3393 tpe
1625 3313 1830 3376 consecutus
1853 3313 1932 3370 est.
1958 3295 2100 3396 Quippe
2124 3309 2294 3370 mortem:
2318 3315 2384 3392 qua
2407 3315 2483 3367 om·
2582 3392 2583 3421 Ν

851 3421 911 3474 not
937 3413 1144 3474 mouentur:
1168 3396 1276 3494 ipsum
1301 3410 1525 3474 contemnere
1546 3398 1691 3473 docuit.

804 3499 900 3578 Nam
928 3516 1007 3572 cum
1032 3497 1179 3570 moriens
1203 3493 1270 3583 iam
1296 3494 1428 3570 ceteris
1451 3517 1495 3571 ex
1520 3495 1667 3592 partibus
1691 3513 1850 3589 oppressa
1876 3512 1973 3566 meos
1997 3509 2115 3570 estet:
2138 3506 2326 3580 extremum
2353 3513 2483 3568 reorum

852 3599 896 3672 ad
923 3592 1124 3674 memoriam
1151 3592 1238 3668 illius
1266 3592 1421 3670 coelestis·
1437 3595 1559 3670 domus
1581 3595 1803 3672 reservabat:
1825 3590 1907 3664 Nec
1931 3589 2127 3667 inmerito:
2155 3592 2328 3687 Siquidem
2353 3607 2483 3685 quanta
2582 3612 2583 3669 Γ

847 3705 940 3771 esset
965 3689 1053 3768 illius
1078 3691 1227 3783 diriooe,
1254 3706 1292 3766 et
1317 3691 1466 3768 coelestis
1489 3695 1612 3772 murus
1637 3690 1798 3768 foelicitas
1822 3711 1901 3762 cum
1925 3688 2042 3763 animo
2064 3714 2128 3766 suo
2152 3687 2411 3767 considerabat.

801 3792 889 3874 Erat
916 3791 1072 3867 nimirum
1098 3791 1329 3868 consideratio
1353 3791 1427 3886 ipsa
1451 3793 1794 3887 memoraturdigna:
1819 3789 1913 3889 quod
1938 3807 1983 3861 ea
2007 3789 2223 3866 domuerit:
2248 3790 2285 3863 in
2309 3811 2378 3884 qua
2402 3785 2482 3862 nibil
2582 3856 2583 3869 ,

852 3905 905 3963 est
931 3887 1040 3962 mali:
1064 3891 1156 3966 bona
1178 3888 1351 3967 affluunt·
1378 3889 1432 3967 Eo
1455 3889 1515 3989 qui
1538 3889 1820 3989 proficiscuntur:
1838 3907 1959 3967 omues
1980 3898 2141 3979 metuam
2164 3883 2375 3978 maiestatem
2398 3889 2484 3964 diri·

851 3994 902 4062 nit
927 3986 1082 4061 laudibus
1106 4006 1355 4084 prosecuntur.
2437 4052 2440 4055 ,

803 4087 981 4187 Quicquid
1008 4084 1159 4163 laboris:
1187 4088 1214 4162 si
1237 4088 1336 4163 labor
1360 4087 1525 4164 dicendus
1549 4103 1627 4163 est:
1653 4100 1770 4186 potest
1793 4086 1946 4188 impendi
1970 4087 2015 4164 etl
2048 4089 2144 4165 illam
2181 4087 2281 4166 laude
2305 4085 2485 4164 celebran-

851 4196 931 4263 dam
958 4184 1162 4269 confertur:
1193 4190 1231 4261 ln
1255 4210 1298 4264 ea
1323 4206 1387 4261 nec
1413 4188 1551 4263 desidia
1576 4210 1643 4264 nec
1667 4189 1865 4286 indigentia
1889 4193 1974 4269 ullus
1998 4203 2051 4264 est
2076 4188 2223 4264 locus.'

708 4340 711 4345 .
801 4288 923 4371 Mirari
951 4287 1052 4385 igitur
1078 4287 1295 4363 desinamus:
1321 4282 1349 4359 si
1375 4289 1545 4362 matrimus
1572 4287 1748 4386 propheta
1780 4289 1938 4364 instinctu
1969 4284 2157 4380 afflatuque
2178 4282 2300 4359 divino
2325 4280 2369 4390 iu⁸
2389 4283 2485 4355 itanc

854 4386 1065 4459 seutentiam
1093 4385 1273 4478 loquitur:
1298 4385 1397 4456 Beati
1421 4386 1480 4479 qui
1505 4384 1662 4460 habitant
1686 4384 1722 4458 in
1741 4386 1848 4464 domo
1869 4405 1929 4463 tua
1952 4383 2091 4460 domine
2109 4406 2125 4458 :
2146 4381 2297 4456 laudibus
2318 4392 2388 4451 turs
2404 4379 2484 4450 nui·

848 4480 886 4559 la
912 4498 997 4553 ctas
1022 4500 1169 4573 linquam
1196 4496 1248 4551 est
1273 4478 1379 4549 finem,
1403 4480 1574 4550 allatura·
1600 4482 1707 4549 Nulla
1733 4506 1808 4569 pare
1827 4485 1980 4572 totpotis
2002 4480 2138 4546 vacabit
2169 4477 2306 4549 officio·
2333 4477 2487 4567 Quanta

850 4576 1032 4671 uoluptate
1057 4572 1269 4648 afficientur:
1296 4568 1351 4663 qui
1380 4567 1483 4643 deum
1510 4568 1662 4647 laudibus
1687 4573 1958 4651 collaudabunt:
1982 4569 2080 4646 nullo
2108 4590 2245 4647 errore:
2282 4567 2421 4646 nullave
2446 4600 2485 4649 a·

851 4672 1031 4755 dolatione
1053 4670 1225 4747 adducti?
1249 4666 1286 4741 0
1313 4664 1466 4741 nobilem
1491 4668 1656 4747 domum:
1686 4669 1728 4743 ln
1762 4695 1830 4770 qua
1864 4697 1932 4767 patr
1964 4671 2156 4747 coosutota
2179 4670 2270 4745 erit:
2296 4689 2401 4745 nemo
2437 4677 2482 4747 ab

702 4840 706 4845 ,
854 4775 929 4853 alio
954 4769 1073 4863 iniuria
1094 4768 1303 4877 lacessetnr:
1329 4786 1434 4840 nemo
1459 4762 1586 4874 bellurn
1611 4769 1767 4846 indicet:
1793 4792 1899 4845 nemo
1924 4790 2074 4866 pugnam
2102 4771 2296 4872 pugnabit:
2322 4769 2398 4864 lpse
2421 4769 2478 4847 ille

847 4894 962 4954 rerum
987 4870 1181 4944 conditor:
1206 4886 1263 4959 qut
1287 4882 1433 4939 caeteros
1457 4883 1584 4943 uirtute
1608 4867 1769 4944 ornauit:
1796 4865 1928 4943 virtutis
1953 4870 2020 4942 etit
2041 4870 2243 4962 premium:
2269 4890 2340 4965 quo
2365 4872 2478 4943 nescio

852 4974 936 5069 quid
954 4964 1169 5060 'prestantius
1192 4963 1335 5037 inveniri
1361 4981 1490 5062 queat.
1519 4968 1559 5043 ln
1583 4986 1759 5063 posterum
1785 4966 1906 5044 nullius
1929 4968 1977 5042 rei
2004 4989 2068 5043 nos
2092 4966 2211 5063 capiet
2248 4968 2477 5045 desiderium.

855 5072 947 5147 Cum
973 5063 1088 5139 laudea
1111 5066 1179 5139 deo
1204 5062 1414 5139 tribuemus:
1437 5062 1530 5140 nulla
1555 5064 1722 5145 sacietate
1747 5064 1870 5145 defessi
1896 5065 2051 5147 erimus?
2076 5068 2282 5143 Ceterum:
2306 5064 2364 5163 qui
2389 5062 2478 5139 futu·

853 5170 883 5248 ti
907 5184 984 5242 suot
1010 5161 1221 5261 promeritis
1245 5162 1458 5257 premiorum
1482 5166 1605 5263 gradus
1629 5169 1828 5245 bonorum:
1852 5164 2164 5265 quiscogitatione
2186 5165 2406 5261 assequetur?
2422 5167 2480 5239 list

857 5285 897 5347 et
921 5267 1002 5342 illud
1029 5266 1109 5341 loco
1130 5261 1280 5339 miraculi
1308 5262 1501 5339 habendum
1538 5290 1619 5340 cum
1660 5268 1808 5346 alterio
1834 5270 1981 5343 alterurn
2007 5264 2099 5341 nulla
2135 5263 2304 5341 laborabit
2329 5263 2480 5338 invidia.

858 5364 958 5447 Nulli
984 5364 1148 5463 peccandi
1174 5362 1308 5436 dabitur
1333 5380 1509 5455 potestas.
1536 5364 1621 5442 Non
1647 5387 1702 5446 est
1726 5370 1810 5444 mibi
1834 5366 2013 5444 consilium
2051 5386 2191 5440 omnem
2230 5363 2320 5441 iliius
2354 5363 2476 5439 diuinae

857 5470 978 5545 domus
1004 5463 1222 5541 foelicitatem
1247 5459 1448 5553 explicare:
1474 5466 1566 5561 quod
1588 5470 1622 5541 in
1648 5468 1798 5554 dicendo
1823 5472 1964 5545 modurn
1988 5469 2208 5541 excederem.

810 5572 883 5653 Res
922 5571 993 5667 ipsa
1034 5581 1197 5661 preterea
1240 5558 1329 5633 aliud
1363 5562 1538 5660 ingenium
1564 5566 1738 5667 aliamque
1763 5568 1954 5644 doctrinam
1980 5562 2198 5660 expostulat.
2219 5566 2339 5661 Quare
2362 5563 2418 5651 ad,
2438 5588 2480 5642 ea

854 5690 930 5762 que
957 5668 1000 5742 ad
1028 5661 1199 5763 Peregrini
1225 5655 1385 5734 familiam
1414 5663 1610 5757 pertinent:
1625 5690 1681 5742 me
1704 5683 1929 5743 convertam.
1945 5666 2032 5741 Anni
2056 5652 2131 5739 iere
2156 5683 2296 5737 centum
2321 5665 2481 5739 interces-

852 5780 999 5841 serunt:
1024 5784 1104 5847 curn
1130 5758 1288 5838 charolus
1312 5760 1566 5837 aambechatius
1603 5788 1707 5863 eques
1740 5782 1875 5841 auratus
1905 5788 1948 5848 ac
1981 5760 2071 5863 Juris
2094 5761 2263 5861 pontificii
2286 5777 2324 5841 et
2355 5761 2478 5839 Civilis

850 5866 1033 5940 doctoratu
1062 5878 1200 5938 ornatus
1223 5861 1368 5957 imperio
1396 5860 1601 5939 Bononiensi
1627 5866 1758 5962 potitur
1784 5884 1861 5941 est.
1987 5864 1990 5866 *

809 5960 1049 6057 erambrum
1075 5986 1117 6039 ex
1142 5958 1323 6037 castissima
1350 5984 1461 6037 uxore
1488 5964 1522 6038 in
1548 5962 1662 6041 lucem
1686 5969 1834 6062 suscepit
1845 5966 1903 6064 qui
1929 5986 2007 6037 cum
2033 5958 2183 6054 eiusdem
2208 5959 2403 6038 afficeretur
2429 5963 2479 6037 di·

855 6066 1067 6165 guitattbus:
1094 6088 1116 6138 a
1142 6059 1271 6160 populo
1297 6078 1420 6155 ptaetet
1440 6081 1586 6138 caeteros
1609 6064 1806 6143 obseruatus
1830 6085 1884 6142 est
1908 6086 1951 6136 ac
1974 6063 2144 6142 dilectus.
2170 6062 2225 6136 Eo
2251 6060 2377 6136 factum
2403 6080 2475 6137 est:
2582 6059 2583 6136 l

858 6180 902 6241 ut
928 6168 960 6239 io
988 6166 1134 6241 multum
1161 6162 1328 6258 potentia
1352 6162 1520 6239 evaserit.
1544 6163 1600 6239 alb
1624 6168 1691 6242 boc
1713 6168 1747 6240 io
1771 6167 1883 6242 lucem
1910 6180 2105 6259 procreatus
2129 6178 2182 6237 est
2218 6160 2478 6239 bartholomeus
2582 6197 2583 6200 κ

858 6270 1009 6361 optimus
1034 6284 1072 6341 et
1096 6260 1343 6355 jurisconsultus
1367 6279 1405 6337 et
1419 6282 1539 6352 poeta.
1561 6266 1611 6339 At
1633 6264 1784 6341 Cambio
1808 6284 1951 6361 parente
1971 6277 2067 6339 onus
2092 6263 2307 6356 estJacobus
2330 6260 2380 6336 tir
2401 6284 2477 6335 cor·

857 6367 951 6471 poris
975 6360 1099 6443 robore
1124 6380 1161 6440 et
1187 6361 1293 6441 animi
1313 6361 1552 6463 magnitudine
1574 6366 1866 6467 praeditut.Qrid
1888 6362 2013 6462 loquat
2037 6367 2082 6442 de
2105 6362 2375 6534 ΒιῐεΙιοΙοιικιῖΥ1
2373 6384 2477 6456 quem

1200 6508 1204 6515 ·
2377 6484 2430 6534 ar·
