5584 7900
837 1075 913 1152 nr.
954 1073 1488 1179 rouroournm.
1886 1112 1957 1195 ¹2:

343 1261 417 1314 ram
443 1241 690 1340 suscipiendam
713 1262 833 1346 atque
852 1262 994 1324 ornnem
1021 1269 1163 1342 operam
1188 1249 1385 1325 sumendam
1411 1265 1608 1329 statueret.
1631 1255 1717 1329 Non
1731 1255 1876 1334 reseram
1892 1285 1995 1358 quam

344 1361 469 1438 gratur
498 1363 670 1442 quamque
709 1346 863 1424 salutaris
901 1343 1004 1422 suerit
1029 1346 1100 1436 ejus
1124 1348 1255 1426 reditus
1280 1350 1415 1423 senatui
1440 1354 1639 1452 populoque
1661 1355 1889 1434 Bononiensi.
1918 1364 1995 1438 No·

346 1445 437 1518 vistis
462 1441 657 1542 profecto:
682 1446 773 1524 illius
796 1445 943 1524 studium
973 1461 1011 1520 et
1036 1469 1152 1521 curam
1178 1452 1316 1524 intanto
1350 1447 1469 1528 officio
1511 1470 1681 1552 tantoque
1700 1459 1872 1533 munere:
1898 1465 1992 1555 quod

344 1563 387 1615 ea
412 1548 658 1622 renunciavit:
686 1569 761 1644 quat
788 1548 945 1622 omnibus
967 1567 1134 1623 summum
1158 1544 1410 1635 iucunditatem
1436 1568 1541 1649 atque
1566 1557 1752 1630 utilitatem
1777 1556 1990 1636 attulerunt.

345 1639 443 1756 Non
462 1641 673 1722 defuerunt:
696 1649 755 1742 qui
781 1665 864 1720 eum
884 1665 927 1720 ea
953 1661 1161 1742 tempestate
1185 1649 1313 1725 Christi
1339 1650 1466 1745 optimi
1502 1653 1640 1730 maximi
1666 1655 1835 1732 beneficio
1873 1672 1991 1733 natum

343 1741 609 1821 erdstrmarent:
631 1751 722 1841 quod
747 1767 785 1821 se
810 1763 989 1843 meumes
1013 1749 1130 1823 animo
1155 1763 1193 1820 et
1213 1768 1362 1840 corpore
1390 1749 1427 1820 in
1452 1749 1515 1824 rei.
1541 1755 1578 1826 Ρ.
1601 1753 1747 1830 salutem
1773 1757 1996 1834 contulisset.

335 1841 478 1919 sexsus
502 1864 547 1924 et.
565 1846 744 1946 vigesimus
768 1865 876 1920 annus
902 1845 1044 1941 agitur:
1070 1867 1148 1920 cum
1176 1845 1224 1916 is.
1248 1844 1292 1920 de
1317 1866 1388 1941 quo
1415 1845 1540 1943 loquor
1559 1851 1715 1946 Virgilius
1740 1873 1859 1932 santes
1874 1857 1990 1932 beoti-

343 1943 446 2018 volus
465 1967 479 2020 :
501 1967 604 2042 quem
629 1945 769 2020 honoris
793 1964 894 2019 causa
921 1945 1062 2020 nomino
1087 1941 1352 2038 compluresque
1376 1943 1436 2017 alii
1462 1944 1634 2022 fortissimi
1662 1948 1724 2024 viri
1746 1953 1927 2032 iomanem
1952 1973 1991 2031 et

344 2037 461 2116 sedam
489 2041 726 2122 crudelitatem
753 2067 823 2120 non
849 2043 959 2118 solum
988 2067 1007 2116 a
1032 2039 1155 2137 jugulis
1180 2041 1328 2117 civium:
1344 2042 1405 2117 sed
1428 2065 1450 2116 a
1477 2047 1630 2122 menibus
1654 2070 1678 2144 q
1751 2075 1795 2128 ue
1818 2070 1857 2130 et
1882 2057 1995 2134 visse·¹

342 2141 436 2216 ribus
460 2159 656 2222 averterunt
681 2145 833 2220 hostium
859 2141 1025 2236 impetum
1052 2141 1308 2217 cohibuerunt.
1335 2139 1421 2214 llno
1444 2145 1556 2238 prelio
1580 2168 1633 2222 res
1656 2169 1724 2222 coo
1739 2168 1819 2226 ecta
1843 2169 1927 2228 est.

293 2234 377 2316 Nee
403 2238 645 2341 seiungendum
671 2269 693 2320 a
718 2261 754 2318 se
780 2239 999 2339 prudentiam
1038 2240 1165 2316 duxit:
1189 2261 1269 2316 cum
1315 2239 1497 2316 civitatum
1537 2244 1817 2343 gubernatoribus
1843 2253 1993 2326 maxime

343 2344 540 2418 conducat.
570 2343 662 2418 Nam
687 2355 725 2420 et
751 2341 867 2416 futura
889 2337 1109 2436 cogitatione
1136 2338 1347 2436 percipiebat
1373 2355 1412 2414 et
1438 2341 1624 2439 aliquando
1649 2361 1733 2423 ante
1746 2348 1995 2429 constituebat:

345 2442 427 2539 quid
452 2446 488 2518 in
516 2457 849 2542 utramquepartem
876 2457 993 2534 posset
1019 2439 1178 2516 accidere
1203 2456 1239 2513 et
1265 2461 1344 2514 curn
1366 2439 1493 2536 aliquid
1518 2447 1718 2522 evenisset:
1742 2448 1823 2544 quid
1849 2462 1924 2525 tum
1953 2474 1990 2525 as

345 2543 498 2640 gendum
526 2561 633 2618 esset.
656 2537 985 2617 Neceommittebat
1000 2587 1010 2628 ,
1028 2555 1067 2614 ut
1092 2537 1278 2634 aliquando
1304 2539 1337 2612 el
1362 2540 1544 2616 dicendum
1569 2562 1686 2636 mser,
1711 2567 1784 2622 non
1811 2567 1988 2643 putaram.

344 2644 567 2740 Quamquam
602 2663 686 2719 vero
710 2641 820 2736 scipio
846 2636 906 2712 ille
931 2635 1098 2713 africanus
1135 2631 1368 2725 huiuscemodi
1397 2639 1612 2732 prudentiam
1638 2647 1682 2719 ad
1706 2669 1778 2723 rem
1806 2646 1987 2724 militarem
2056 2719 2063 2730 ,

343 2738 477 2817 referat
493 2743 611 2841 :quod
627 2745 850 2837 imperatores
864 2739 1049 2814 admodum
1066 2737 1251 2832 prudentes
1276 2759 1349 2813 esse
1373 2755 1541 2833 oportet:
1555 2743 1652 2819 Cato
1677 2758 1794 2820 tamen
1821 2751 1990 2839 posterior

344 2858 384 2912 er
410 2844 552 2916 adrem
576 2839 735 2918 bellicam
762 2859 800 2921 et
817 2841 879 2917 ard.
895 2859 956 2952 eq:
975 2840 1041 2937 qui
1057 2836 1117 2924 rei.
1133 2839 1170 2911 P.
1185 2854 1336 2932 presunt
1359 2836 1451 2913 hanc
1476 2834 1689 2918 referendam
1716 2846 1854 2937 putavit
1872 2847 1992 2944 ‚Quid

346 2937 473 3040 loquar
492 2943 538 3017 de
559 2940 699 3036 Justitla
726 2965 766 3016 ae
792 2938 884 3015 lide':
911 2934 994 3035 quai
1021 2931 1055 3012 in
1079 2960 1124 3014 eo
1149 2953 1264 3014 tantas
1291 2932 1391 3014 luisse
1418 2937 1577 3037 intelligo
1593 2936 1610 3033 ,’
1629 2960 1775 3040 quantas
1817 2943 1990 3038 explicare

344 3061 417 3116 non
445 3061 603 3136 possum.
632 3043 712 3115 Hoc
738 3039 859 3116 dixisse
885 3041 964 3114 satis
988 3039 1053 3132 sit,
1088 3061 1167 3114 eum
1196 3034 1279 3113 nulli
1305 3055 1454 3134 unquam
1481 3040 1636 3117 intulisse
1659 3038 1813 3131 iniuriam
1832 3091 1843 3132 ,
1864 3047 1898 3116 in
1918 3043 1991 3117 nul·

343 3137 414 3214 lum
448 3135 570 3228 iniuste
597 3136 716 3218 fecisse
742 3143 910 3240 impetunt
937 3137 1022 3215 nulli
1048 3138 1202 3218 attulisse
1228 3157 1365 3213 manum
1392 3157 1551 3236 necque
1576 3160 1684 3238 paeto
1710 3142 1807 3218 alteri
1829 3162 1996 3222 noceret:

344 3239 518 3337 cogitasse
541 3262 692 3338 unquam
715 3260 791 3339 qua:
818 3237 992 3337 pollicitus
1019 3236 1131 3316 fuerat
1155 3262 1290 3338 semper
1329 3237 1426 3313 exitu
1464 3238 1678 3336 prestitisse.
1705 3242 1785 3317 Nec
1809 3242 1984 3340 vitupera·

342 3339 445 3416 tione
470 3338 667 3416 afficiendus
692 3359 745 3416 est
770 3342 865 3440 quod
888 3361 961 3414 rem
985 3338 1188 3416 familiarem
1214 3338 1296 3416 nulli
1322 3355 1509 3416 nocentem
1544 3341 1807 3439 amplificaverit
1848 3340 1885 3418 in
1923 3339 1994 3418 dos

344 3460 440 3514 snum
469 3440 603 3514 divitias
628 3443 839 3539 congesserit
856 3443 976 3538 :quin
1002 3438 1064 3513 illis
1090 3462 1160 3516 non
1185 3439 1229 3516 ad
1253 3441 1368 3514 luxum
1393 3461 1464 3516 non
1482 3441 1526 3515 ad
1542 3439 1740 3540 voluptates
1765 3436 1984 3538 perfruendas

347 3561 421 3615 non
447 3539 490 3614 ad
507 3539 591 3614 vitia
615 3543 806 3616 exercenda
829 3542 891 3615 sed
917 3543 960 3616 ad
988 3561 1061 3615 usus
1086 3542 1167 3615 vita:
1193 3541 1401 3618 necessarios
1428 3543 1471 3615 ad
1507 3540 1639 3637 templa
1664 3545 1819 3620 ornanda
1858 3541 1903 3615 ad
1927 3561 1988 3616 ens

344 3639 405 3736 qui
430 3659 560 3712 surnma
584 3641 865 3736 opprimebantur
904 3639 1045 3735 inopia:
1072 3640 1183 3717 cibo:
1212 3657 1318 3737 potu:
1352 3644 1481 3714 vestitu
1522 3643 1711 3718 recreando
1750 3637 1854 3716 suerit
1880 3661 1987 3714 usus.

344 3739 516 3833 Corporis
542 3737 829 3833 pulchritudinem
854 3737 1047 3818 aristoteles
1071 3758 1109 3817 ct
1124 3733 1190 3838 ‘qui
1216 3737 1288 3832 eius
1311 3735 1415 3818 emuli
1440 3735 1631 3818 emissum
1657 3737 1876 3839 peripatetici
1913 3759 1991 3813 ver·

345 3839 469 3913 borum
495 3838 628 3914 honore
653 3857 902 3936 prosecuntur.
927 3840 1045 3914 laudat
1070 3837 1530 3940 homerus'agamenonem.
1554 3840 1671 3916 laudat
1695 3838 1874 3915 achillem:
1890 3839 1985 3932 quod

344 3936 487 4039 egregia
528 3935 655 4014 fuerint
694 3939 847 4036 corporis
886 3938 1024 4017 forma.
1051 3938 1130 4019 Nee
1154 3945 1310 4019 'Senecae
1354 3963 1406 4017 ass
1428 3941 1544 4016 ntior:
1586 3941 1682 4040 quod
1716 3958 1831 4036 poete
1869 3935 1993 4034 insigni

345 4040 433 4117 virio
457 4038 614 4113 dederit:
640 4042 699 4135 qui
723 4042 911 4140 gratiorem
939 4042 975 4113 in
1001 4063 1148 4137 corpore
1173 4041 1319 4139 pulchro
1345 4042 1544 4115 venientem
1569 4046 1733 4116 virtutem
1748 4036 1897 4113 dixerit.
1918 4038 1993 4110 Vrr·

345 4136 432 4238 gilio
454 4158 527 4211 non
550 4155 622 4211 tam
649 4139 720 4213 laus
740 4142 918 4213 tribuenda
942 4143 1037 4236 quod
1063 4143 1227 4235 prestanti
1253 4138 1355 4215 fuerit
1380 4134 1517 4227 forma,
1542 4162 1644 4243 quam
1659 4138 1755 4242 quod
1771 4135 1905 4233 optima
1922 4132 1997 4211 lue·

346 4240 394 4311 rit
420 4236 609 4313 valitudine
635 4240 683 4311 ob
707 4238 922 4341 diligentiam
948 4259 985 4315 ct
1011 4242 1235 4335 cupiditatum
1261 4241 1524 4334 temperantiam
1551 4236 1643 4314 nulla
1670 4252 1747 4313 erat
1779 4236 1898 4315 virinm
1938 4235 1997 4310 de·

343 4334 521 4413 sectione.
552 4337 604 4413 lta
632 4341 724 4415 enim
750 4342 783 4413 in
807 4357 964 4415 mtremo
987 4360 1054 4411 sure
1080 4342 1193 4416 etatis
1214 4356 1374 4433 tempore
1399 4339 1498 4415 bonis
1524 4335 1598 4417 iuit‘
1614 4337 1762 4419 viribus:
1777 4353 1815 4413 ut
1839 4356 1885 4411 ne
1910 4335 2000 4409 ado-⁸

338 4435 548 4513 lescentiam
572 4438 714 4534 quidem
759 4438 1025 4515 desideraverit.
1053 4438 1233 4513 Fateamur
1258 4437 1362 4535 igltur
1401 4454 1547 4531 oportet
1592 4458 1655 4513 nos
1694 4460 1766 4511 nors
1791 4434 1900 4511 solum
1921 4434 1999 4509 eine

339 4536 408 4603 sed
432 4537 570 4629 optirnp
592 4538 670 4603 cive
695 4534 847 4615 privato·
870 4556 966 4595 esse.
992 4536 1072 4595 Hoc
1087 4558 1202 4609 ‚unum
1227 4538 1419 4614 praesidium
1443 4536 1542 4607 nobis
1566 4553 1696 4610 tantam
1722 4536 1828 4612 debet
1871 4531 1997 4607 moles·

341 4626 436 4701 tiam
463 4623 643 4698 adimere:
668 4620 807 4717 quando
833 4636 884 4690 scs
910 4618 1048 4692 omnis.
1071 4618 1110 4691 ln
1135 4618 1331 4711 Johanncm
1365 4619 1580 4693 Bautivolum
1619 4630 1761 4697 redacta
1794 4639 1849 4697 est
1884 4627 1996 4701 virum

344 4719 544 4801 incredibili
570 4744 612 4796 ac
638 4719 754 4795 divina
781 4716 906 4795 virtute
932 4715 1128 4813 preditum.
1158 4716 1299 4790 Nullum
1324 4713 1486 4813 profecto
1510 4715 1700 4813 prudentie
1713 4718 1923 4815 integritatis
1936 4744 1994 4795 re·

345 4822 493 4921 ligionis
517 4843 559 4896 ae
585 4842 720 4917 magnae
749 4817 784 4891 in
809 4840 894 4892 rem.
922 4839 956 4910 p.
987 4815 1139 4889 caritatis
1165 4815 1327 4889 habemus
1353 4813 1510 4889 illustrius
1534 4816 1751 4913 exemplum.
1781 4819 1851 4895 Hic
1875 4822 2000 4896 suavis·

349 4928 416 5000 mis
442 4938 496 4997 est
524 4919 675 4996 moribus
700 4915 1036 5015 prestantissimoque
1053 4912 1195 5013 ingenio
1221 4913 1366 5008 patriam
1385 4912 1578 4989 admirabili
1603 4918 1751 5009 quadam
1765 4918 1999 4997 benivolentia

350 5020 595 5123 complectitur
608 5073 628 5094 .
647 5015 727 5107 Eius
765 5016 962 5093 libertatem
997 5016 1104 5089 oculis
1143 5014 1300 5102 auribus,
1330 5011 1517 5111 complexu
1558 5031 1699 5089 tuetur.
1734 5018 1838 5091 Haud
1879 5019 2000 5096 dubito

328 5152 331 5161 ·
353 5125 437 5225 quin
462 5123 496 5197 in
523 5134 720 5217 posterum:
748 5115 774 5191 si
800 5130 906 5192 :etate
928 5114 1161 5211 processerit.
1192 5137 1256 5190 suo
1288 5115 1402 5187 studio
1437 5132 1501 5188 suo
1539 5113 1685 5187 consilio
1709 5136 1768 5188 sua
1793 5113 2001 5215 vigilantia:

313 5302 318 5314 ,
355 5246 402 5301 ne
428 5222 630 5300 servitutem
656 5217 864 5294 serviamus:
890 5238 934 5291 ne
960 5213 1065 5287 ullum
1091 5214 1231 5314 quidem
1255 5211 1436 5287 discrimen
1479 5230 1734 5290 recusaturum.
1761 5216 1831 5289 Diu
1867 5219 2001 5314 optima

355 5320 454 5401 dedit
477 5322 685 5407 documenta
711 5340 789 5417 quar
811 5338 884 5391 non
911 5314 1011 5390 etatis
1033 5315 1093 5388 sed
1117 5312 1372 5389 inmortalitatis
1395 5307 1570 5387 esistunt.
1590 5314 1755 5411 Magnam
1781 5313 1921 5390 Christo
1937 5343 2001 5412 op-

355 5417 447 5499 tirdn
472 5420 619 5517 gratiam
644 5440 751 5518 agere
772 5418 959 5494 debemus.
986 5413 1045 5509 qui
1072 5412 1170 5489 nobis
1196 5418 1287 5487 hunc
1311 5408 1440 5487 obtulit
1456 5412 1563 5487 uirum
1589 5408 1685 5502 cuius
1709 5410 1874 5487 industria
1889 5418 1999 5495 aedi·

359 5522 505 5621 ligentiac
529 5518 620 5596 nulla
644 5521 691 5592 rei
720 5516 955 5595 frumentariae
981 5512 1169 5591 laboramus
1195 5512 1314 5607 inopia
1338 5508 1530 5587 simultates
1556 5509 1722 5586 tolluntur
1742 5531 1780 5587 et
1803 5514 1997 5605 discordie,

354 5620 480 5715 judicia
505 5619 787 5708 constituuntur,
811 5618 919 5691 libido
943 5613 1189 5708 conprimitur‚
1215 5610 1352 5688 soboles
1379 5627 1590 5711 propagatur
1611 5655 1622 5700 ,
1643 5632 1722 5709 qnae
1745 5606 1814 5699 iarn
1845 5610 2001 5690 dedusc-

355 5738 438 5801 rant
464 5719 582 5795 omnia
607 5718 733 5793 sanetis
758 5717 888 5817 legibus
915 5713 1099 5791 vincienda
1124 5711 1250 5789 ducit.

297 4302 306 4343 i

312 5825 506 5923 Quacum
533 5822 584 5894 ita
608 5816 696 5893 sint:
723 5820 835 5893 omnis
857 5836 936 5913 spes
960 5829 998 5891 et
1021 5814 1137 5890 salutis
1161 5824 1201 5887 et
1226 5810 1349 5910 patrie
1374 5808 1539 5888 libertatis
1565 5811 1806 5889 conservande
1819 5810 1854 5887 in
1874 5834 1918 5890 eo
1931 5812 2001 5888 eol·

361 5922 506 5996 locanda
532 5935 615 5995 est.
643 5916 720 5993 Hac
746 5938 867 5993 omnes
890 5937 1003 5989 sumus
1028 5916 1220 6009 opinione.
1249 5909 1339 5987 lllud
1362 5933 1466 5989 unum
1494 5924 1532 5985 te
1550 5908 1718 5990 iacturum
1758 5912 1857 5987 nobis
1898 5909 2000 5987 facilc

359 6020 626 6135 pcmupdemus.
650 6018 720 6096 Sed
750 6014 965 6093 consolemur
1009 6012 1132 6111 virgilii
1174 6012 1369 6109 proximos:
1407 6010 1526 6109 quibus
1558 6015 1694 6107 optima
1732 6012 1805 6088 haec
1833 6029 1888 6086 est
1917 6032 2003 6085 eon·

365 6118 518 6296 ppppterpt
534 6216 631 6295 liberi
659 6220 852 6301 domestica
879 6214 1039 6311 exempla
1074 6212 1242 6291 virtutis:
1271 6236 1348 6310 quae
1378 6208 1507 6287 imitari
1536 6226 1575 6289 et
1604 6224 1746 6306 possunt
1776 6222 1813 6285 et
1852 6205 2002 6284 debent.

368 6318 512 6399 Habent
534 6312 655 6397 iratres
683 6337 722 6397 ut
755 6339 939 6421 corporum
962 6320 1010 6393 sic
1038 6314 1203 6394 virtutum
1230 6312 1513 6394 similitudinem.
1546 6311 1691 6390 liabent
1719 6306 1917 6484 consobrinp
1938 6330 2007 6382 car·

1916 6429 1956 6482 e.
