5584 7900
833 1083 906 1164 124
1184 1054 1529 1137 AGGIUNTE
1569 1053 1600 1130 E
1638 1049 2064 1129 CORREZlONl

798 1238 882 1310 ‚nis
906 1227 1010 1310 officii
1034 1225 1296 1328 diligentissimis
1322 1229 1356 1302 io
1383 1224 1596 1323 disciplinam
1623 1223 1793 1298 tradidit.
1819 1221 2054 1298 corroborata
2082 1235 2189 1299 etate
2212 1217 2317 1296 lilium
2345 1217 2470 1297 Diale·
2604 1250 2605 1263 ι

830 1339 958 1410 crica:
984 1329 1221 1428 philosophia:
1250 1329 1418 1404 medicina
1442 1326 1663 1402 imbuendum
1688 1324 1853 1398 curarit:
1877 1321 1999 1419 quibus
2021 1321 2211 1419 disciplinis
2233 1325 2321 1398 adeo
2361 1324 2472 1398 flore·

831 1437 893 1509 bat
916 1450 955 1507 ut
978 1435 1014 1506 in
1037 1451 1074 1503 se
1099 1429 1252 1504 omnium
1279 1429 1399 1504 oculos
1422 1442 1665 1501 converteret.
1692 1423 1745 1498 Eo
1771 1420 1900 1495 iactum
1926 1442 2001 1498 est:
2017 1440 2056 1498 nt
2080 1425 2200 1518 quibus
2222 1423 2376 1498 domums
2394 1445 2477 1498 mu·

831 1533 921 1608 neris
945 1531 1117 1606 tribuendi
1142 1531 1223 1604 data
1250 1546 1301 1602 est
1327 1542 1506 1624 potestas:
1533 1525 1566 1598 hi
1607 1521 1886 1596 Andromachum
1913 1524 2160 1599 indoctorum
2199 1542 2381 1597 numerum
2406 1523 2477 1596 ad·

830 1632 1051 1728 scripserint.
1079 1630 1129 1702 Ea
1153 1628 1323 1724 drgnitste
1348 1631 1486 1703 minime
1510 1635 1720 1700 contentus:
1736 1621 1781 1695 ad
1804 1621 1871 1693 alia
1896 1623 2117 1698 scientiarum
2144 1643 2274 1720 genera
2298 1620 2476 1698 incubuit.
2604 1646 2605 1709 fi

830 1731 884 1808 Ea
906 1745 1113 1828 tempestate
1142 1729 1298 1800 Tnadeus
1327 1725 1526 1801 Manfredus
1552 1721 1640 1796 Foro
1655 1716 1834 1796 Cornelii:
1852 1741 1930 1814 qua
1955 1724 2076 1797 ciuitas
2099 1741 2153 1799 est
2172 1718 2334 1796 flaminia
2359 1722 2472 1818 impe·
2604 1802 2605 1815 p

831 1831 1002 1926 perabat.
1030 1829 1097 1902 Hic
1125 1823 1403 1900 Andromachum
1429 1824 1522 1917 quod
1548 1825 1592 1896 de
1617 1815 1803 1906 siusium
1830 1821 1934 1893 adse
1959 1842 2028 1893 non
2048 1822 2156 1898 semel
2183 1825 2246 1894 sed
2270 1824 2395 1918 sapius
2420 1821 2471 1894 al·
2604 1842 2605 1879 l

754 1943 757 1950 '
829 1928 916 2004 latus
956 1925 1067 2003 iuerat
1107 1927 1245 1998 nuncius
1259 1970 1269 2012 ,
1307 1941 1346 1994 ut
1368 1924 1411 1994 al
1436 1941 1472 1992 se
1496 1925 1562 1992 iret
1586 1941 1646 2009 per
1667 1919 1800 1992 litteras
1822 1921 1981 1993 monuit.
2007 1922 2099 1996 Cunr
2126 1923 2153 1995 is
2177 1923 2348 2014 imperata
2370 1919 2473 1996 fecis·
2604 2000 2605 2005 g

829 2045 883 2103 set
908 2021 1089 2104 confestim
1114 2023 1158 2095 ab
1182 2046 1226 2098 eo
1254 2023 1288 2094 in
1314 2036 1509 2093 auratorum
1534 2018 1690 2110 equitum
1715 2037 1892 2091 numerum
1920 2016 2046 2095 relatus
2068 2038 2121 2094 est
2137 2070 2148 2093 .
2165 2023 2228 2095 Ob
2255 2037 2328 2096 tam
2352 2022 2472 2118 singu·

829 2125 901 2203 lare
928 2145 1046 2198 munus
1067 2133 1250 2216 acceptum
1274 2117 1324 2192 illi
1352 2119 1612 2194 Andromacnus
1637 2114 1849 2209 amplissimis
1874 2118 1984 2190 uerbis
2008 2121 2134 2214 gratias
2151 2119 2227 2220 egit
2243 2170 2254 2191 .
2272 2121 2311 2194 ln
2327 2139 2471 2218 sequen·

828 2224 857 2298 ti
885 2222 940 2300 die
966 2219 1154 2296 bononiam
1180 2241 1344 2317 regressus
1367 2234 1441 2293 est:
1469 2232 1573 2311 atque
1598 2231 1636 2288 ut
1657 2230 1883 2290 consueuerat
1907 2217 1944 2289 in
1970 2218 2185 2313 theologiam
2216 2217 2330 2307 etius
2357 2219 2473 2314 pond·

828 2321 945 2398 licium
973 2343 1112 2396 omnem
1137 2341 1280 2415 operam
1307 2316 1495 2410 impendit.
1522 2314 1652 2410 Caepit
1678 2313 1723 2390 ab
1745 2317 1903 2390 omnibus
1928 2315 2065 2410 plurimi
2090 2317 2189 2393 lieri.
2216 2320 2269 2394 Ad
2297 2320 2473 2416 quosdo·

830 2437 985 2498 ctoratus
1024 2420 1193 2495 tribuendi
1232 2417 1378 2516 dignitas
1402 2414 1608 2511 spectabant
1632 2413 1676 2486 ab
1700 2413 1753 2486 iris
1771 2417 1813 2492 ,in
1842 2417 2040 2492 Doctorum
2065 2439 2240 2494 numerum
2282 2418 2475 2514 adscriptus

833 2539 918 2596 est:
960 2519 1047 2620 Quis
1086 2520 1167 2594 illud
1205 2517 1393 2606 omiserit,
1433 2539 1511 2590 cum
1551 2536 1661 2590 annos
1699 2514 1773 2610 plus
1810 2515 1953 2614 triginta
1998 2517 2248 2594 archidiachoni
2300 2516 2477 2616 gymnasii

830 2619 1048 2696 bononiensis
1085 2641 1204 2693 munus
1241 2616 1459 2692 sustinuerit?
1498 2617 1584 2690 Eum
1622 2615 1859 2712 magistratum
1900 2632 2008 2713 qanta
2045 2613 2173 2706 justitia
2209 2617 2275 2694 tide
2313 2617 2473 2695 charita·

830 2735 869 2798 te
908 2739 945 2795 et
986 2721 1185 2815 integritate
1220 2720 1363 2814 gesserit
1400 2737 1452 2793 res
1491 2716 1562 2809 ipsa
1592 2716 1753 2790 docuit.
1787 2717 1872 2790 Non
1916 2739 2067 2792 eorum:
2105 2717 2225 2813 quibus
2261 2718 2476 2794 doctoratus

831 2841 951 2894 munus
987 2819 1201 2910 tribuendum
1236 2835 1338 2892 erat:
1376 2838 1446 2891 non
1486 2817 1669 2890 doctorum
1709 2813 1881 2890 uoluntati
1927 2817 2066 2912 inquam
2101 2814 2216 2891 defuit
2231 2861 2243 2908 ,
2282 2833 2319 2889 ut
2363 2817 2481 2912 ipsum

831 2940 952 2994 omnes
977 2921 1022 2994 de
1046 2920 1133 2994 calo
1168 2915 1341 3012 delapsum
1383 2917 1654 2990 arbitrarentur.
1679 2912 1947 3018 lunumesabiles
1982 2915 2071 2990 illius
2110 2933 2230 2994 estant
2274 2914 2481 2992 orationes.-

832 3037 917 3114 quas
956 3038 1034 3090 eum
1074 3017 1245 3116 legimus:
1281 3036 1382 3112 quem
1424 3033 1599 3091 oratorem
1639 3037 1742 3109 quem
1779 3033 1920 3111 poetam
1957 3036 2028 3092 non
2074 3013 2352 3092 cbntemnimus.
2390 3035 2482 3112 qno·

831 3131 922 3190 trens
947 3116 1009 3194 ille
1035 3138 1078 3192 es
1103 3137 1257 3213 tempore
1285 3117 1390 3192 verba
1416 3111 1543 3191 iaciens
1567 3115 1699 3189 auditus
1740 3132 1817 3190 est:
1846 3133 1994 3212 putasses
2027 3114 2139 3212 ipsum
2176 3117 2392 3191 Nestorem.-
2416 3136 2481 3189 cu·

828 3211 880 3306 ius
903 3241 946 3292 err
969 3238 1029 3293 ore
1071 3235 1159 3292 teste
1203 3218 1360 3292 Homero
1400 3216 1532 3291 dulcior
1572 3214 1677 3290 melle
1718 3214 1844 3290 fluebat
1883 3214 2022 3292 oratio.
2051 3216 2105 3289 M.
2144 3214 2261 3291 Tullio
2297 3215 2478 3292 Zenonem

829 3317 1002 3410 quendam
1027 3336 1163 3390 summo
1189 3315 1330 3412 ingenio
1359 3319 1467 3390 sirum
1490 3339 1500 3391 :
1526 3309 1617 3404 cujus
1642 3315 1860 3390 inventorum
1886 3315 2000 3390 amuli
2024 3317 2127 3392 stoici
2153 3317 2322 3392 nominati
2362 3332 2471 3391 sunt:

833 3413 935 3488 fuisse
961 3412 1096 3492 scribit.
1122 3409 1229 3504 Huius
1252 3419 1434 3492 sententiar
1460 3434 1498 3492 ut
1523 3418 1678 3511 corporis
1703 3415 1794 3490 bona
1819 3418 1912 3512 quod
1935 3437 1977 3491 ea
2012 3418 2058 3490 ad
2085 3413 2304 3492 loelicltatem
2330 3414 2473 3490 minime
2604 3474 2605 3513 q

826 3527 988 3608 spectare
1012 3514 1226 3590 existimabat
1250 3533 1581 3592 contemnerentnr.
1612 3515 1701 3588 Mihi
1726 3533 1841 3588 autem
1864 3515 1933 3590 aila
1960 3535 2058 3588 mens
2080 3535 2134 3592 est
2157 3517 2301 3614 aliaque
2324 3517 2474 3608 opinio:

830 3634 910 3686 cum
935 3631 1043 3708 poeta
1066 3629 1268 3688 mantuanus
1292 3638 1313 3688 a
1337 3616 1483 3691 Zenone
1511 3615 1689 3691 dissentiat
1712 3636 1724 3688 s
1749 3613 1897 3690 affirmat
1936 3618 2031 3693 enim
2063 3615 2226 3693 uirtutem
2263 3617 2297 3688 in
2324 3615 2474 3711 pulchro

809 3732 978 3809 ¹corpore
1004 3714 1200 3792 uenientem
1227 3733 1299 3790 esse
1324 3716 1540 3813 gratiorem.
1569 3718 1609 3791 ln
1631 3717 1720 3787 hanc
1741 3717 1952 3791 sententiam
1981 3721 2192 3793 consensisse
2221 3717 2396 3792 Platonem
2421 3731 2476 3788 at·

827 3833 898 3904 que
923 3811 1144 3890 Aristotelem
1171 3835 1240 3890 non
1264 3816 1388 3911 ignoro
1408 3836 1513 3887 :cum
1537 3818 1693 3910 corporis
1716 3813 1809 3888 bona
1834 3813 1878 3888 ad
1903 3809 2121 3890 foelicitatem
2146 3817 2317 3912 pertinere
2346 3811 2479 3890 fatean-

739 3929 763 3948 Γ
827 3926 910 3984 sur.
939 3911 999 3985 llle
1021 3915 1092 4007 ipse
1120 3912 1259 4009 dequo
1288 3911 1472 4009 pauloante
1500 3915 1643 3986 memini
1667 3913 1839 3988 Homerus
1865 3913 1985 3989 laudat
2013 3919 2164 3993 Aeneam
2190 3933 2297 4013 atque
2314 3914 2481 4005 Aiacem,

827 4011 925 4105 quod
950 4009 1039 4086 alter
1066 4008 1233 4087 formosus
1257 4011 1302 4086 sit
1327 4010 1415 4087 alter
1438 4012 1556 4089 divina
1580 4012 1733 4105 eorporis
1758 4012 1930 4111 dignitate
1954 4014 2047 4091 suit.
2076 4017 2317 4093 Andromacho
2344 4031 2383 4088 ut
2409 4013 2480 4089 sci·

830 4108 1040 4209 trse‘neque
1065 4114 1158 4187 enim
1183 4109 1337 4187 oblivisci
1365 4112 1530 4207 potestis:
1553 4112 1679 4185 eximia
1706 4106 1820 4185 forma
1846 4131 1886 4189 et
1908 4116 2038 4211 species
2063 4114 2211 4190 liberalis
2234 4114 2379 4211 .Quitis
2394 4132 2478 4187 tan·

830 4224 903 4283 tum
930 4212 1114 4288 candorem
1140 4228 1343 4308 tantamque
1369 4213 1481 4287 uultus
1500 4228 1538 4285 et
1561 4207 1654 4284 oculi
1679 4212 1925 4303 proceritatem
1950 4238 2021 4290 non
2045 4216 2202 4290 admirari
2220 4236 2291 4290 non
2306 4228 2477 4308 poterat:

831 4308 929 4380 Anni
957 4310 1067 4406 plures
1092 4314 1355 4388 intercesserunt
1381 4335 1459 4386 cum
1484 4311 1543 4405 qni
1568 4304 1714 4385 senariae
1741 4313 2002 4405 patriarchatum
2028 4314 2172 4406 gerebat
2202 4311 2477 4387 Bartholomeus

833 4403 975 4496 Ruvera
998 4410 1222 4503 Episcopatus
1248 4410 1467 4485 bononiensis
1482 4410 1681 4483 vicariatum
1706 4407 1741 4480 in
1763 4409 2030 4503 ipsumcontulit
2045 4464 2057 4487 .
2072 4410 2223 4505 Nequeo
2248 4407 2358 4485 serbis
2383 4427 2476 4480 con·

833 4501 929 4598 sequi
953 4525 1118 4600 quantam
1145 4530 1186 4582 err
1212 4528 1257 4584 eo
1284 4508 1421 4583 laudern
1446 4505 1551 4580 luerit
1575 4511 1742 4598 adeptus:
1766 4530 1846 4579 cum
1871 4530 2046 4599 nonquam
2072 4506 2253 4595 slusritia
2287 4502 2480 4580 desciverit

830 4600 1007 4677 Nimirum
1049 4606 1308 4677 Andromacnus
1347 4600 1465 4674 diuina
1488 4598 1588 4675 laude
1625 4599 1849 4675 celebrandus
1873 4617 1948 4675 est:
1972 4599 2064 4673 'nam
2087 4620 2165 4673 curn
2190 4616 2295 4673 tanto
2331 4620 2480 4679 munere

832 4695 1054 4799 fungeretur:
1081 4702 1171 4775 adeo
1194 4702 1256 4797 Jus
1280 4699 1495 4775 Pontificium
1521 4698 1831 4793 interpretabatur:
1855 4704 1946 4773 adeo
1971 4702 2179 4778 sententiam
2206 4720 2285 4773 cunr
2325 4700 2475 4797 equita·

834 4813 874 4874 te
897 4797 1095 4897 explicabat
1119 4822 1158 4874 ut
1182 4798 1430 4877 controversias
1469 4795 1627 4873 tolleret:
1654 4796 1831 4892 nullasque
1863 4796 1974 4872 litium
2012 4801 2169 4876 actiones
2210 4800 2472 4877 constitueret.

833 4895 936 4975 Plura
961 4920 1031 4975 noo
1058 4898 1171 4974 dicam
1199 4899 1289 4994 quod
1315 4899 1455 4973 nimium
1481 4897 1700 4994 provehenda
1739 4912 1828 4969 esset
1861 4898 1975 4971 oratio
2001 4918 2104 4973 mea:
2131 4916 2299 4993 praeterea
2331 4898 2470 4995 quein

831 4996 934 5072 initio
961 4995 1159 5090 spopondi:
1184 5020 1226 5073 ea
1252 5020 1326 5071 sum
1351 4998 1465 5095 paucis
1489 4994 1714 5091 complexus.
1741 4992 1903 5087 Superest
1929 4998 2194 5093 prestantissimi
2209 4998 2270 5073 viti
2287 4997 2473 5087 eutClrri·

834 5112 925 5173 stum
947 5097 1118 5189 optimum
1145 5096 1326 5171 maximum
1354 5097 1571 5191 Mariamque
1593 5092 1675 5171 eceli
1703 5094 1855 5189 reginam
1889 5117 1961 5194 quo
1996 5094 2087 5172 illius
2121 5096 2245 5170 anime
2284 5097 2395 5173 aditus
2418 5097 2465 5174 ad

836 5194 959 5271 calum
982 5213 1103 5294 pareat
1129 5197 1396 5297 expeditissimus
1421 5198 1576 5297 precibus
1600 5192 1808 5294 fatigemus.

1106 5494 1248 5587 Oratio
1277 5501 1458 5589 funebris
1485 5504 1527 5589 in
1556 5500 1708 5585 laudem
1739 5500 1907 5615 Virgilii
1936 5496 2131 5587 Malvesia·
2143 5555 2156 5580 .

783 5793 891 5971 Etsi
917 5814 1039 5874 vereor
1064 5792 1238 5873 clarissimi
1265 5796 1352 5875 uiri:
1379 5820 1424 5875 ne
1447 5799 1505 5898 qui
1526 5796 1619 5874 sint:
1644 5795 1702 5893 qui
1727 5820 1783 5877 ms
1809 5796 2136 5899 impudsnrissimum
2170 5795 2404 5877 abierimus:
2438 5793 2473 5870 ςῑ

874 5894 1009 5991 Virgilii
1035 5894 1279 5989 sapientissimi
1307 5898 1395 5972 viri:
1421 5902 1478 5993 qui
1503 5895 1530 5974 si
1556 5896 1630 5972 lieri
1657 5913 1797 5991 poterat
1821 5925 1887 5996 pro
1908 5901 2048 5975 comuni
2073 5901 2222 5978 utilitate
2257 5899 2345 5973 mori
2383 5916 2474 5967 nun·

831 6016 932 6089 quam
960 5994 1115 6073 debuisse
1141 5996 1344 6073 videbatur:
1372 5996 1486 6075 landes
1511 5998 1681 6093 explicare
1706 5999 1851 6076 voluero
1866 6000 2093 6077 :incredibilis
2117 6018 2258 6077 tamen:
2274 6021 2342 6096 qua
2369 5992 2471 6069 illum

832 6115 903 6169 sum
929 6096 1155 6191 complexus:
1181 6096 1416 6173 beniuolentia
1439 6119 1496 6171 me
1520 6097 1555 6170 in
1581 6098 1669 6171 hanc
1693 6101 1898 6177 sententiam
1926 6099 2075 6194 impellit
2092 6125 2106 6177 .·
2122 6116 2161 6173 ut
2185 6094 2403 6176 admirabiles
2414 6110 2470 6168 at·

832 6193 1038 6287 suedirinas
1063 6193 1135 6290 eius
1160 6196 1304 6273 virtutes
1326 6194 1463 6271 silentio
1487 6217 1700 6291 nequaquam
1716 6202 1971 6293 praetereundas
1989 6200 2182 6273 existimem
2197 6250 2208 6272 .
2225 6200 2320 6275 Nam
2342 6196 2370 6271 si
2397 6192 2469 6270 alio

832 6314 942 6371 essem
966 6297 1085 6377 aniam
1124 6294 1259 6397 aliaque
1283 6296 1450 6395 opinione
1467 6315 1478 6370 a
1496 6318 1569 6378 nnn
1591 6295 1806 6378 mediocrem
1830 6294 1993 6399 prolecto
2016 6296 2065 6373 illi
2090 6295 2249 6375 iniuriam
2287 6294 2470 6473 stabim·

2384 6414 2419 6467 e·
