5584 7900
816 1045 891 1128 126
1158 1030 1503 1118 AGGIUNTE
1543 1035 1573 1112 E
1612 1035 2050 1114 CORREZIONI

776 1285 780 1296 .
816 1212 907 1290 cium
931 1225 1003 1290 tam
1029 1227 1184 1288 sanctum
1209 1225 1315 1308 atque
1339 1206 1630 1303 solemnesquod
1656 1229 1728 1282 non
1753 1204 1899 1282 auaritia
1923 1202 2162 1280 comminuere
2184 1222 2229 1278 ac
2250 1202 2459 1286 violareso·

814 1315 911 1394 leat.
938 1318 987 1388 ht
1012 1313 1185 1389 memoria
1210 1309 1355 1386 tenebat
1380 1307 1568 1406 preclaram
1594 1306 1688 1380 illam
1725 1305 1876 1402 piatonis
1915 1305 2154 1380 senoennam:
2180 1326 2247 1401 qua
2270 1327 2373 1386 recte
2395 1309 2461 1381 ad·

817 1435 998 1488 monemur
1024 1431 1062 1484 ur
1087 1413 1123 1485 in
1151 1410 1245 1486 omni
1273 1411 1513 1507 procuratione
1538 1409 1671 1502 negotii
1689 1423 1751 1495 ,et
1775 1405 1921 1481 muneris
1950 1404 2076 1500 publici
2098 1403 2151 1483 nel
2177 1404 2318 1483 minima
2343 1433 2366 1484 a
2393 1431 2465 1484 no·

816 1517 866 1590 bis
891 1509 1044 1587 avaritie
1071 1508 1215 1606 pellatur
1243 1509 1414 1604 suspicio·
1439 1507 1536 1582 Hinc
1561 1507 1716 1600 panetius
1739 1505 1834 1580 illum
1869 1502 2073 1581 affricanum
2088 1528 2108 1580 :1
2125 1505 2184 1604 qui
2221 1526 2289 1579 suo
2309 1529 2464 1620 ‘eogno-

815 1615 908 1688 mine
934 1633 971 1686 se
995 1611 1131 1684 tertiam
1158 1627 1290 1708 partem
1318 1609 1413 1684 orbis
1434 1607 1605 1702 subegisse
1629 1604 1805 1680 declarat:
1831 1609 1927 1700 quod
1949 1606 2047 1682 nulla
2072 1601 2193 1682 fuisset
2225 1609 2370 1682 ararrtia
2404 1611 2463 1682 in·

773 1771 779 1783 .
814 1714 999 1808 quiracus:
1022 1709 1158 1784 summis
1183 1713 1305 1784 extulit
1330 1707 1510 1784 laudibus.
1539 1704 1633 1778 Hinc
1660 1722 1794 1782 ueteres
1832 1705 1987 1780 Romani
2011 1706 2060 1783 illi
2095 1707 2285 1782 admodum
2324 1708 2462 1806 antiqui

813 1811 954 1909 paulum
990 1810 1169 1885 emiliuns.
1199 1809 1307 1905 Quod
1334 1809 1559 1882 macedonum
1584 1825 1674 1900 gaza
1698 1803 1939 1880 abstinuisset.
1964 1804 2042 1879 binc
2069 1803 2299 1901 posteriorem
2336 1805 2462 1882 africa·

814 1933 898 1985 num
916 1933 927 1984 :
948 1910 1043 2006 quod
1065 1929 1183 1982 eversa
1208 1907 1411 2001 carthagine
1435 1901 1518 1976 nihil
1546 1897 1657 1976 factus
1679 1920 1732 1978 est
1756 1903 1992 2001 locupietior:
2021 1903 2271 1984 immortalibus
2303 1904 2460 1983 laudibus

814 2007 1030 2089 affecerunt.
1056 2011 1131 2104 sige
1155 2005 1292 2078 summis
1319 1999 1473 2077 laudibus
1496 1997 1628 2098 Virgilii
1670 1997 1818 2078 facilitas
1860 2001 2089 2078 collaudanda
2128 2023 2211 2082 est:
2236 2009 2375 2101 quando
2407 2010 2456 2084 ad

813 2131 894 2184 eum
919 2106 1128 2202 privatorum
1151 2103 1264 2180 aditus
1286 2123 1420 2196 sempm
1446 2097 1565 2176 faciles
1604 2097 1752 2176 fuerint.
1777 2099 1960 2197 Plerosque
1995 2104 2169 2180 vidimus:
2193 2105 2253 2202 qui
2291 2105 2455 2180 simulac

813 2201 1269 2392 :struuntur
1283 2199 1668 2394 alithinu
1689 2200 2275 2390 ruffini:
2296 2205 2460 2378 hs:

812 2393 931 2505 gilium
954 2425 1033 2476 cum
1061 2401 1197 2496 publico
1223 2421 1363 2478 munere
1388 2397 1595 2496 fungebatur
1619 2414 1657 2476 et
1679 2395 1803 2477 faciles
1824 2421 1961 2495 semper
1984 2395 2121 2476 fuerunt
2144 2404 2259 2480 aditus
2278 2447 2288 2488 ‚
2304 2420 2345 2479 et
2367 2404 2459 2480 libe·

812 2529 861 2581 ra
886 2502 1105 2600 querimoniae
1131 2507 1173 2576 de
1199 2499 1343 2578 aliorum
1368 2495 1497 2588 injuriis
1521 2499 1648 2574 dina.
1672 2500 1731 2574 Sic
1755 2499 1882 2577 civium
1904 2503 1948 2576 ad
1974 2521 2095 2595 pacem
2120 2503 2341 2579 vertebantur
2374 2503 2459 2578 ani·

811 2605 889 2685 mi:
915 2607 964 2678 sic
989 2600 1071 2675 odia
1099 2600 1241 2676 discidia
1267 2601 1316 2677 sic
1341 2599 1520 2678 discordia
1544 2595 1634 2674 bella
1655 2599 1888 2677 sedabantur.
1903 2601 1989 2676 Sunt
2014 2603 2090 2674 hac
2116 2603 2226 2698 magni
2252 2601 2360 2676 animi
2378 2626 2457 2678 ma·

792 2703 944 2802 ¹gnique
969 2698 1120 2798 ingenii.
1146 2697 1248 2776 Haud
1275 2699 1348 2775 scio
1375 2722 1441 2776 nec
1465 2698 1494 2772 si
1519 2698 1646 2774 sciam:
1671 2699 1789 2777 dicere
1813 2702 1948 2788 ausim,
1974 2703 2066 2794 quod
2090 2697 2196 2787 maius
2221 2703 2369 2796 possint:
2389 2703 2455 2798 qni

811 2805 878 2880 sei.
902 2807 937 2876 P.
965 2814 1104 2896 presunt
1128 2798 1257 2872 ciuibus
1282 2798 1405 2876 nostris
1429 2794 1637 2874 benficium
1661 2798 1822 2878 conferre
1836 2824 1851 2876 :
1864 2822 1967 2898 quam
1982 2802 2082 2897 uthis
2095 2799 2204 2876 sitam
2229 2800 2451 2896 tranquillam

813 2917 1049 2997 comparent:
1077 2899 1115 2972 ld
1143 2895 1317 2974 factitasse
1344 2897 1516 2996 virgilium
1542 2899 1748 2976 ostendam.

766 3001 918 3078 Curabat
944 3000 996 3073 vir
1020 2997 1282 3092 sapientissimus
1302 2999 1479 3074 civitatem
1505 2998 1806 3076 adversis-casibus
1829 2997 2032 3076 inclinatam
2055 3014 2096 3076 et
2120 3001 2276 3076 secundis
2311 2995 2458 3076 affluen-

812 3117 886 3175 tem
911 3117 1053 3174 tenere.
1081 3101 1318 3197 Quaecumque
1342 3098 1456 3172 indies
1479 3101 1615 3196 agenda
1648 3098 1697 3186 illi
1734 3100 1956 3178 acciderant:
1980 3101 2025 3175 ad
2050 3099 2201 3176 civitatis
2228 3099 2374 3176 salutem
2399 3122 2453 3174 re·
2604 3152 2605 3161 ι

811 3195 975 3273 ferebat.
1002 3197 1111 3271 Nulla
1136 3195 1313 3273 laborabat
1337 3197 1509 3296 segnitie.
1534 3200 1633 3300 Quin
1656 3222 1799 3278 omnem
1824 3197 2007 3276 adhibebat
2032 3200 2275 3296 diligentiam:
2294 3218 2333 3275 ut
2357 3201 2456 3296 inge·

810 3297 924 3374 reodis
949 3294 1088 3393 publicis
1114 3297 1262 3394 negotiis
1286 3299 1467 3393 prudentia
1488 3301 1625 3376 caeteris
1649 3317 1845 3395 prestaret.
1869 3301 1970 3376 Hanc
1994 3319 2033 3376 ut
2058 3303 2224 3398 consequi
2250 3318 2384 3395 posset:
2399 3320 2457 3372 se·
2604 3376 2605 3403 q

810 3417 848 3472 se
873 3399 908 3470 in
933 3397 1125 3492 sapientum
1151 3397 1338 3474 amicitiam
1365 3399 1471 3494 recipi
1495 3398 1637 3476 curabat
1652 3451 1664 3472 .
1677 3399 1936 3497 Jureconsultos
1962 3399 2153 3498 theologos
2176 3399 2402 3497 plulosopbos
2415 3423 2458 3476 o·
2604 3418 2605 3465 ι

810 3514 942 3574 ratores
967 3513 1087 3588 poetas
1111 3514 1149 3570 et
1174 3498 1359 3574 honoribus
1382 3519 1421 3576 et
1445 3498 1677 3576 benivolentia
1702 3503 1976 3597 consequebatur
2000 3500 2119 3597 hisque
2146 3504 2369 3578 vehementer
2383 3515 2456 3572 sru-

808 3595 939 3670 debat.
964 3594 1137 3672 Meliores
1160 3597 1389 3674 deterioribus
1413 3600 1585 3695 sapientes
1608 3599 1874 3692 imperitioribus
1898 3601 2067 3693 imperare
2091 3617 2228 3679 sectum
2254 3623 2324 3676 esse
2354 3618 2456 3674 autu·
2604 3598 2605 3639 l

750 3795 753 3802 .
810 3695 958 3770 mabar.
982 3695 1062 3772 Nec
1088 3692 1197 3774 veiim
1223 3698 1400 3795 quisquam
1426 3703 1490 3776 det
1516 3699 1604 3776 sitio
1621 3701 1744 3798 :qnod
1770 3700 1969 3798 popularem
1993 3703 2130 3776 turbam
2144 3701 2280 3796 plurimi
2302 3693 2454 3776 fecerit:

811 3815 891 3866 cunr
920 3810 1007 3869 teste
1036 3795 1267 3892 xenophonte
1295 3819 1418 3874 corum
1445 3800 1686 3896 principatus:
1708 3802 1767 3894 qui
1797 3799 1997 3894 popularem
2023 3800 2277 3877 multitudinem
2301 3799 2454 3895 benigne

811 3891 1028 3987 humaneque
1052 3893 1262 3973 coluerunt:
1291 3897 1481 3975 diutissime
1507 3897 1700 3981 duraverit.
1725 3901 1874 3999 Quanto
1899 3898 1934 3975 in
1959 3900 2094 3977 honore
2119 3899 2274 3977 habenda
2299 3899 2346 3975 sit
2371 3895 2455 3973 reli·

808 3994 894 4089 gio:
920 3989 1023 4066 funus
1047 3995 1213 4077 Camillus
1238 4000 1327 4089 apud
1352 3996 1448 4070 illum
1476 3999 1535 4095 qui
1562 4020 1742 4077 romanam
1765 4002 1900 4095 scripsit
1926 3999 2102 4077 historiam
2113 3998 2233 4075 livium
2250 3998 2455 4094 patavinum

808 4090 996 4193 diligenter
1031 4096 1217 4189 exposuit.
1248 4094 1357 4173 Gallis
1383 4096 1476 4171 enim
1518 4098 1617 4173 rictis
1639 4113 1677 4171 et
1701 4098 1789 4175 cesis
1814 4102 1947 4176 cernite
1982 4101 2125 4197 inquit!
2149 4102 2302 4198 Quirites
2324 4099 2454 4172 horum

807 4214 976 4267 annorum
990 4190 1045 4267 vel
1069 4198 1234 4271 secundas
1258 4196 1311 4271 uel
1336 4198 1490 4272 aduersas
1515 4198 1784 4274 res.lnvenietis
1808 4200 1927 4275 omnia
1950 4221 2111 4297 prospere
2135 4199 2290 4279 euenisse
2304 4216 2456 4293 sequen·

810 4292 900 4367 tibus
924 4294 1031 4368 deos:
1053 4294 1194 4373 adversa
1219 4296 1480 4391 spernentibus.
1510 4295 1671 4373 Profecto
1695 4297 1745 4373 ita
1769 4320 1805 4373 se
1830 4322 1884 4373 ses
1907 4300 2038 4374 habet:
2063 4320 2144 4373 cuns
2169 4296 2360 4371 multorum
2387 4293 2448 4387 qui

808 4386 968 4484 religioni
994 4413 1198 4482 pmuernnt,
1225 4416 1290 4466 ses.
1329 4396 1365 4467 Ρ.
1390 4392 1614 4489 amplificatas
1654 4416 1860 4471 cernamus.
1897 4389 2005 4481 liuius
2041 4394 2130 4472 sensi
2166 4414 2245 4469 cnm
2286 4388 2448 4489 virgilius

808 4486 937 4561 nullam
961 4484 1138 4571 abiecisset
1161 4490 1388 4565 memoriani:
1411 4516 1488 4583 quar
1513 4497 1627 4584 potuit
1661 4494 1700 4562 in
1738 4496 1850 4563 adem
1873 4493 2011 4583 Jacobi-
2034 4491 2186 4559 eontulit
2207 4505 2446 4563 ornamenta.

806 4582 916 4661 Nulla
941 4603 1089 4680 unquam
1114 4582 1186 4658 dies
1211 4582 1344 4659 illuxit:
1367 4589 1451 4683 quin
1475 4588 1691 4661 sanctissimis
1715 4587 1928 4663 orationibus
1951 4603 2097 4680 operam
2113 4581 2349 4678 impertiretur
2360 4604 2452 4659 nun·

807 4682 979 4781 quamde
1005 4680 1132 4757 Christi
1158 4683 1285 4779 optimi
1311 4687 1448 4759 maximi
1468 4686 1637 4782 dignitate
1662 4686 1831 4761 detraxit.
1855 4684 2040 4759 Fortitudo
2065 4679 2170 4757 animi
2185 4705 2197 4758 ε
2213 4700 2251 4759 ut
2282 4682 2448 4782 praeclare

808 4784 994 4897 aplatone
1019 4782 1201 4857 scribitur:
1226 4798 1263 4859 et
1287 4782 1490 4898 sipiritibus
1515 4787 1610 4860 rebus
1634 4801 1813 4893 cernatur:
1843 4784 1990 4857 maxime
2016 4796 2156 4856 tamen:
2175 4805 2257 4859 cum
2282 4806 2349 4859 nec
2373 4784 2452 4857 ani·

807 4878 2448 5079 :rhhlhlrll.r⁵⁰.‘:l.¹⁰hhl:.5.‘.hfraletis:glihrtrlrh‘h.5ltlrl3;

807 5075 956 5153 fratres:
981 5098 1120 5152 uxorem
1145 5082 1362 5159 castissimam
1387 5080 1761 5182 arqueqelectisnmam
1775 5103 1786 5154 :
1802 5080 2013 5157 dulcissimos
2037 5077 2142 5155 libros
2164 5084 2198 5157 ei
2221 5104 2317 5158 mors
2333 5084 2449 5157 abstu-
2604 5091 2605 5140 l

806 5178 874 5253 iit.
899 5176 962 5249 His
987 5174 1133 5251 fortuna
1158 5181 1235 5255 telis
1261 5188 1338 5257 cuni
1365 5206 1435 5258 non
1454 5185 1630 5280 ignoraret
1656 5182 1835 5259 hominum
1859 5184 1967 5257 nisam
1992 5200 2080 5261 essse
2115 5182 2326 5278 propositam
2366 5181 2449 5255 sibi·

803 5296 879 5355 met
905 5276 1178 5354 consolationem
1204 5283 1348 5359 attulit.
1374 5283 1460 5360 Non
1484 5286 1575 5363 enim
1611 5284 1832 5359 recusandum
1872 5280 1994 5361 duait:
2020 5301 2092 5373 quo
2130 5282 2241 5355 minus
2279 5302 2355 5358 ea:
2379 5300 2446 5377 qua

804 5396 903 5453 natus
927 5371 1065 5455 fuerat:
1089 5381 1294 5459 conditione
1318 5385 1464 5459 viveret.
1481 5389 1526 5463 Se
1551 5402 1718 5481 praterea
1743 5404 1821 5457 cunr
1849 5403 1991 5479 gravent
2015 5398 2055 5457 et
2081 5396 2305 5460 constantem
2330 5380 2367 5455 in
2391 5404 2443 5457 se·

804 5478 866 5551 bus
889 5476 1031 5574 publicis
1056 5496 1094 5557 et
1118 5482 1256 5576 privatis
1281 5504 1415 5577 semper
1439 5486 1657 5577 prestitisset:
1684 5481 1860 5580 indignum
1901 5480 2142 5556 existimabant
2181 5482 2343 5577 gravitati
2373 5501 2444 5554 non

803 5596 877 5653 esse
902 5578 1115 5655 seruiendum
1136 5600 1175 5656 et
1197 5584 1527 5683 constantiae.Qrae
1554 5609 1618 5678 pro
1643 5608 1692 5659 re.
1719 5585 1754 5655 P.
1779 5581 1948 5677 gesserit:
1965 5602 2050 5674 quos
2075 5579 2209 5657 labores
2226 5600 2333 5676 0quas
2352 5596 2443 5655 rem·

805 5694 955 5772 pestates
980 5701 1056 5773 quar
1082 5682 1269 5755 discrimina
1294 5682 1433 5756 subierit
1458 5688 1618 5782 quotiens
1645 5680 1775 5757 difficili
1801 5678 1864 5757 rei.
1892 5682 1929 5753 P.
1954 5696 2113 5777 tempore
2138 5678 2239 5755 saluti
2262 5678 2441 5779 dignitati·

806 5795 874 5871 que
897 5778 1015 5870 populi
1040 5776 1263 5856 Bononiensis
1289 5781 1512 5861 subvenerit:
1537 5783 1711 5860 neminem
1737 5797 1884 5856 vestrum
1910 5779 2020 5855 latere
2059 5780 2231 5857 arbitror.
2261 5781 2341 5854 Non
2384 5797 2442 5851 se·

805 5868 960 5950 melseo
985 5877 1107 5969 sepius
1130 5876 1180 5955 ita
1205 5884 1295 5955 cuim
1321 5882 1508 5960 instituistis
1535 5886 1570 5970 in
1596 5880 1692 5955 bellis
1716 5878 1913 5978 periculosis
1937 5879 2122 5979 legationis
2146 5901 2263 5958 munus
2298 5876 2444 5983 obivit.

805 5976 989 6052 Romam.
1011 5974 1200 6055 Venetiae.
1229 5980 1440 6055 Florentiam
1468 5980 1706 6061 Mediolanum
1733 5978 1907 6077 profectus
1931 5997 2010 6055 est.
2040 5980 2126 6057 Non
2151 5980 2343 6075 ipsumVis
2370 5982 2445 6050 hre-

808 6074 897 6148 mis:
925 6097 999 6155 non
1021 6076 1141 6252 gives:
1170 6101 1239 6157 non
1262 6080 1391 6159 itineris
1416 6082 1623 6180 longitudo·
1649 6104 1723 6157 non
1747 6083 1877 6157 viarum
1902 6078 2063 6177 asperitas
2089 6102 2161 6155 non
2187 6099 2271 6157 aetas
2287 6080 2443 6181 ingrate·

806 6194 904 6250 scens
929 6192 1021 6251 retas
1045 6196 1149 6256 avit.

758 6271 860 6389 Adeo
883 6272 928 6355 ad
949 6277 1099 6358 nostram
1124 6276 1317 6360 libertatem
1340 6281 1609 6386 conservandam
1647 6280 1860 6374 exardebat:
1888 6295 1926 6356 ut
1952 6296 2016 6375 pro
2041 6301 2083 6355 ea
2107 6277 2169 6357 sibi
2217 6301 2362 6361 omnem
2386 6298 2442 6350 cu·

2324 6396 2396 6453 sam
