5584 7900
836 1139 907 1215 rr.
946 1139 1134 1216 tomo
1174 1136 1473 1239 Quinto.
1902 1181 1970 1253 „9

375 1301 547 1379 Martinus
572 1301 726 1408 Qrintus
751 1303 910 1380 Pontifex
941 1308 1111 1380 Maximus
1136 1307 1171 1382 in
1196 1307 1356 1384 abbatum
1382 1333 1557 1386 numerum
1584 1311 1732 1391 retulit:
1759 1319 1851 1396 Huic
1875 1321 2015 1400 Bonifa-

372 1409 468 1495 tius,
492 1407 654 1497 Thomas,
682 1404 848 1480 Charolus
874 1405 945 1478 Viri
968 1425 1004 1480 et
1031 1429 1107 1482 mea
1129 1426 1166 1482 ct
1208 1414 1362 1484 omnium
1405 1413 1576 1486 sententia
1599 1415 1690 1486 nulla
1713 1441 1861 1514 egentes
1886 1428 2011 1499 virtute

369 1503 494 1580 fratres
518 1524 642 1580 erant:
673 1503 843 1578 Nimirum
870 1504 1133 1582 bartholomeus
1158 1527 1323 1608 qqaotum
1349 1513 1383 1584 in
1406 1525 1493 1606 toga
1529 1513 1699 1609 armisque
1738 1517 1870 1596 literis:
1893 1542 2010 1600 osten·

370 1609 462 1680 dunt
486 1605 725 1679 commentarii
752 1625 858 1698 nuper
884 1629 905 1681 a
927 1626 983 1680 rne
1008 1607 1051 1680 de
1076 1603 1171 1680 bellis
1196 1608 1348 1684 civilibus
1374 1612 1516 1702 scripti.
1543 1609 1575 1682 ls
1600 1629 1638 1682 ut
1666 1634 1769 1706 penes
1807 1639 1842 1692 se
1877 1642 2009 1696 summa

371 1721 463 1780 esset
490 1705 581 1778 urbis
608 1718 779 1798 potestas:
804 1723 866 1776 suo
892 1703 1031 1802 ingenio
1058 1725 1117 1777 soa
1142 1703 1328 1782 industria:
1352 1729 1412 1778 sua
1437 1707 1565 1782 virtute
1590 1705 1733 1787 effecit.
1760 1715 1904 1792 Omitto
1930 1722 2011 1796 Ber·

369 1807 553 1878 nardinum
570 1803 753 1876 maximum
778 1795 1063 1889 iureconsultum,
1090 1799 1316 1898 Peregrinum,
1331 1805 1527 1900 johannem
1542 1806 1675 1881 inomni
1702 1815 1787 1886 dote
1812 1832 2009 1910 praestantes

373 1907 494 1980 Taceo
523 1901 735 1976 franciscum
761 1919 901 1993 poetam
928 1903 1119 1976 laureatum
1153 1921 1224 1994 quo
1265 1921 1347 1976 aetas
1384 1919 1502 1978 nostra
1543 1903 1628 1977 nihil
1654 1917 1864 2000 praestantius
1891 1919 2012 1994 videt.

370 2014 451 2102 Age
478 2001 661 2075 Nicolaum
686 2017 818 2110 quantq
844 2021 1004 2076 munere:
1028 1999 1228 2096 quantisque
1251 1997 1374 2075 officiis
1400 2002 1579 2095 Johannes
1605 2011 1725 2080 tertius
1749 2029 1787 2085 er
1828 2014 2010 2111 vigesimus

372 2097 531 2180 Pontifex
559 2097 729 2172 Maximus
757 2116 955 2191 prosecutus
983 2095 1107 2172 luerit:
1123 2120 1166 2170 ex
1192 2097 1240 2168 nis
1265 2099 1356 2174 libris
1381 2103 1499 2196 quibus
1524 2125 1597 2174 sum
1613 2105 1791 2184 historiam
1813 2114 2013 2192 Bononien-

373 2223 444 2278 sem
468 2196 698 2292 complexus:
722 2199 887 2294 cognosti
911 2214 1049 2294 potest.
1076 2197 1239 2290 Questor
1260 2201 1304 2270 ab
1336 2222 1382 2274 eo
1420 2217 1550 2276 creatus
1590 2219 1671 2277 est:
1698 2228 1775 2280 eam
1801 2228 2010 2306 questuram

371 2317 468 2377 tanta
491 2293 706 2372 continentia
731 2309 769 2368 et
795 2296 1033 2372 moderatione
1053 2297 1156 2388 gessit
1181 2312 1220 2368 ut
1245 2299 1336 2392 apud
1362 2297 1452 2372 urbis
1478 2300 1642 2395 primores
1677 2323 1812 2382 summo
1848 2332 1936 2387 esset
1975 2316 2011 2387 in

370 2403 526 2476 honore.
552 2395 619 2470 llic
644 2392 784 2468 Paulum
814 2395 934 2493 genuit
969 2394 1146 2470 bominem
1172 2391 1356 2490 ingenuum
1392 2416 1497 2494 atque
1527 2399 1715 2476 illustrem:
1732 2425 1777 2480 eo
1813 2424 1912 2500 patre
1940 2414 2013 2492 orti

372 2514 454 2574 sunt
477 2497 651 2593 Jobannes
680 2509 717 2567 et
744 2495 943 2592 Peregrinus
960 2543 970 2566 .
990 2493 1058 2570 Hic
1084 2493 1220 2588 quantis
1244 2487 1348 2586 fuerit
1367 2496 1554 2598 'virtutibus
1580 2521 1746 2576 ornatus:
1773 2510 1853 2581 satis
1894 2510 2007 2604 expli-

374 2616 491 2674 catum
519 2613 624 2692 puto.
656 2593 710 2666 De
737 2593 900 2686 Jonanoe
927 2615 1007 2668 cum
1040 2589 1122 2666 milri
1155 2588 1252 2664 locus
1281 2592 1415 2670 dicendi
1446 2620 1486 2669 ac
1518 2614 1668 2687 potestas
1697 2597 1828 2676 fuerit:
1859 2608 2011 2686 dicetur.

372 2697 470 2772 Plura
496 2696 581 2769 milri
605 2689 722 2768 fecisse
743 2695 1002 2787 videorzquam
1021 2708 1078 2765 aut
1108 2687 1232 2782 opinio
1263 2710 1320 2766 aut
1349 2695 1509 2768 voluntas
1536 2715 1613 2768 mea
1633 2698 1776 2772 tulerit.
1802 2705 1869 2778 Sed
1894 2727 2006 2784 vestra

374 2800 411 2870 in
438 2815 492 2868 me
518 2808 651 2867 attente
673 2790 846 2866 audiendo
875 2789 1069 2890 benignitas
1099 2789 1257 2882 provexit
1283 2791 1477 2866 orationem
1510 2813 1647 2866 meam.
1675 2800 1795 2895 Quare
1823 2801 1928 2878 finem
1956 2812 2009 2883 di·

373 2893 478 2970 cendi
515 2891 665 2966 faciam.
697 2889 807 2966 Vobis
827 2909 942 2966 autem
983 2893 1073 2964 bos:
1105 2909 1251 2982 quorum
1278 2887 1490 2986 squallorem
1510 2896 1650 2968 mutatis
1673 2898 1822 2972 vestibus
1857 2907 2008 2980 videtis:

376 2990 585 3068 commendo
614 3005 717 3084 atque
746 2991 872 3104 trado..
899 2993 1006 3089 Quod
1034 2990 1061 3064 si
1084 2986 1132 3063 vis
1161 2986 1274 3084 aliqua
1299 3011 1359 3067 cos
1387 2991 1595 3087 oppresserit
1625 2997 1715 3070 baud
1742 3000 1967 3094 gravabimini
1981 3003 2009 3080 si

373 3109 486 3170 vestro
513 3104 654 3166 utentur
682 3105 905 3186 patrocinio.

1114 3292 1204 3362 Finis
1219 3340 1229 3363 .

726 3567 773 3646 tn
802 3567 947 3650 Funere
975 3563 1167 3678 Magistri
1197 3561 1382 3649 Nestoris
1412 3561 1629 3648 Morendi.

328 3786 531 3973 Vellem
557 3789 821 3886 prestantissimi
846 3791 918 3867 Viri
942 3789 1008 3866 alia
1034 3792 1114 3868 milri
1128 3789 1272 3868 ‘dicendi
1296 3755 1655 3871 decurrentibus
1685 3798 1858 3890 Campus:
1879 3791 1916 3868 in
1939 3763 2015 3890 quo

333 3926 347 3977 i

448 3909 525 3964 mea
551 3897 732 3967 decurrere
759 3888 875 3989 posset
899 3895 1037 3971 oratio.
1062 3894 1157 3993 Quid
1181 3893 1274 3967 enim
1300 3892 1384 3968 milri
1408 3897 1559 3991 optatius
1583 3892 1724 3969 evenire
1742 3911 1884 3990 posset:
1909 3908 2014 3988 quam

374 3994 421 4068 de
443 3990 601 4064 Nestoris
626 3992 732 4065 vitam
757 3990 899 4067 viventis
926 3994 1093 4066 Laudibus
1120 3993 1223 4069 verba
1248 3988 1393 4069 faeere?
1421 3992 1516 4070 Esset
1549 3995 1617 4069 boc
1641 4010 1822 4091 :praterea
1861 3994 2016 4067 Audien-

374 4091 466 4168 tibus
491 4085 733 4165 fructuosum:
757 4109 794 4165 et
819 4091 869 4163 his
895 4090 1128 4187 potissimum:
1143 4092 1201 4191 qui
1227 4089 1314 4167 bene
1338 4114 1360 4165 a
1382 4091 1517 4167 Natura
1556 4106 1636 4165 suot
1676 4092 1852 4189 instituti.
1883 4094 2017 4167 Omnes

382 4189 467 4264 mini
490 4190 661 4266 Credite:
685 4194 730 4265 ad
756 4192 920 4269 virtutem
944 4190 1137 4267 incredibili
1162 4190 1277 4265 studio
1301 4207 1629 4269 commoverentur.
1667 4195 1720 4293 Q
1750 4191 1951 4266 Maximus:
1978 4206 2017 4263 et

374 4292 417 4365 P.
443 4290 563 4381 Scipio
588 4312 669 4364 cum
696 4290 1020 4387 preclarissimorum
1049 4290 1195 4366 virorum
1224 4288 1340 4363 laudes
1376 4293 1531 4367 audirent
1570 4312 1609 4366 se
1648 4305 1734 4368 tune
1769 4294 1813 4365 ad
1854 4290 2018 4364 virtutem

370 4390 595 4465 vehementer
621 4388 760 4468 incendi
785 4386 980 4465 fatebantur
995 4390 1101 4463 .‘Sed
1126 4390 1288 4485 quoniam
1317 4387 1388 4463 fata
1413 4390 1463 4463 sic
1488 4388 1640 4465 tulerunt
1668 4408 1723 4465 ot
1764 4390 1837 4465 vita
1862 4386 2022 4485 fungere·

374 4504 470 4559 tur:
493 4490 561 4557 noc
587 4486 670 4557 mihi
697 4504 825 4560 munus¹
840 4488 977 4582 dicendi
997 4487 1243 4567 suscipiendum
1270 4486 1348 4559 duxi
1363 4510 1457 4580 :quo
1482 4483 1552 4573 eius
1566 4487 1696 4565 Laudes
1713 4490 1829 4584 paucis
1844 4488 2018 4578 complec-

308 4592 313 4605 ·
373 4591 497 4650 teter.
522 4574 631 4667 Quod
655 4572 681 4642 si
708 4568 797 4645 aliud
828 4568 867 4639 Er
892 4588 1050 4661 possem:
1077 4590 1146 4661 quo
1172 4574 1207 4641 in
1234 4574 1337 4641 vitam
1378 4584 1617 4644 restitueretur
1659 4602 1822 4667 prestare
1861 4582 2015 4652 officium

373 4671 509 4749 nullum
535 4664 693 4767 profecto
718 4665 842 4743 laboris
853 4694 863 4731 .·
877 4685 983 4763 genus
1021 4664 1244 4761 defugerem.
1273 4664 1404 4741 Nestor
1446 4666 1632 4743 Morandus
1652 4692 1811 4764 ,parente
1843 4688 1938 4747 ortus
1963 4696 2016 4750 est

376 4771 575 4851 Benedicto
600 4770 704 4846 Viro:
731 4784 769 4841 ut
788 4768 912 4839 scitis:
938 4787 1048 4860 neque
1073 4768 1162 4839 enim
1189 4762 1341 4841 oblivisci
1366 4768 1535 4860 potestis:
1564 4766 1758 4845 Studiorum
1780 4773 2019 4848 -homanitatis

376 4871 611 4970 peritissimo.
639 4871 677 4942 ln
703 4869 753 4940 his
785 4884 952 4961 quantum
984 4863 1149 4939 valuerit:
1174 4864 1351 4939 declarant
1373 4863 1575 4959 ‘aptissimae
1601 4862 1670 4953 eius
1712 4871 1959 4948 inventiones.
1987 4874 2018 4949 ls

377 4974 569 5048 Nestorem
598 4966 813 5044 Doctissimis
836 4982 873 5037 et
897 4964 1086 5039 castissimis
1109 4961 1377 5059 preceptoribus
1401 4962 1437 5036 in
1462 4963 1671 5057 disciplinam
1697 4971 1865 5045 tradidit.
1890 4973 1944 5047 Eo
1970 4969 2021 5045 fa·

378 5090 478 5145 etum
501 5089 584 5147 est:
606 5085 645 5143 ut
669 5065 936 5167 grammaticus:
961 5062 1165 5138 dialetitus:
1193 5062 1435 5159 philosophus:
1463 5079 1502 5137 et
1531 5064 1687 5139 Medicus
1706 5070 1885 5145 euaserit.
1922 5070 2021 5148 adde

383 5170 558 5266 Reginam
585 5170 739 5243 omnium
780 5164 996 5239 scientiarum
1035 5162 1288 5261 Theologiam:
1316 5182 1421 5256 quam
1460 5182 1625 5258 quantum
1651 5165 1809 5244 calluerit
1829 5172 2020 5245 ostendunt

385 5268 607 5345 subtilissime
633 5267 732 5363 ipsius
756 5264 1005 5359 disputationes
1019 5311 1029 5331 .
1045 5264 1130 5337 Sunt
1145 5262 1218 5335 hree
1233 5259 1393 5353 preclara
1410 5276 1475 5335 :et
1487 5264 1689 5361 singularia.
1718 5266 1781 5340 llla
1807 5289 1889 5343 vero
1914 5271 2023 5345 admi·

385 5366 506 5445 rabilia
528 5385 565 5443 et
590 5383 780 5445 memoratu
805 5364 934 5459 digna.
959 5360 1099 5459 Quippe
1124 5361 1287 5455 imprimis
1320 5363 1364 5432 ab
1401 5358 1540 5437 ineunte
1564 5362 1792 5440 adolescentia
1821 5366 2024 5462 Religionis

384 5467 580 5543 charitati:
605 5464 710 5542 fidei:
736 5462 943 5559 Sapientia:
971 5480 1072 5555 atque
1098 5460 1207 5536 Omni
1231 5460 1397 5534 virtutum
1422 5463 1539 5557 generi
1565 5460 1791 5537 deditissimus
1816 5462 1880 5538 fuit
1895 5517 1905 5537 .
1921 5467 2024 5542 Con·

385 5568 534 5645 versatio
557 5566 648 5638 bona
671 5584 833 5663 quantam
862 5561 1084 5638 Adolescenti
1123 5557 1257 5637 laudem
1298 5553 1419 5633 afferat
1444 5562 1518 5651 qois
1544 5559 1717 5655 ambigit?
1743 5564 1844 5638 Viros
1868 5564 2019 5655 optimos

387 5666 590 5765 Religiosos
615 5662 736 5739 nullius
752 5659 948 5757 Disciplina
973 5680 1129 5756 expertes
1153 5682 1189 5735 se
1214 5658 1458 5734 benevolentia
1483 5654 1720 5744 coniunxerat
1742 5682 1819 5757 qua
1845 5683 1898 5738 res
1923 5658 2018 5736 illum

381 5766 535 5845 futurum
560 5764 755 5841 indicabat:
771 5776 872 5857 qoem
897 5782 1018 5835 omnes
1043 5758 1239 5837 admiraturi
1265 5774 1376 5835 essent
1393 5752 1584 5833 :facillime
1608 5756 1700 5833 enim
1726 5776 1763 5839 et
1789 5763 1824 5835 in
1850 5764 2019 5856 optimam

383 5887 517 5965 partem
543 5877 799 5964 cognoscuntur
826 5859 1070 5937 Adolesceotts
1085 5884 1096 5935 :
1111 5860 1167 5955 qui
1192 5882 1228 5937 se
1252 5862 1294 5934 ad
1309 5858 1429 5933 Claros
1452 5876 1489 5933 et
1516 5858 1687 5954 sapientes
1713 5860 1801 5936 viros
1824 5860 2025 5939 conferunt.

386 5965 499 6042 Multi
527 5965 666 6043 Divitiis
692 5960 855 6037 affluunt:
881 5961 1001 6058 quibus
1027 5962 1052 6035 si
1078 5963 1224 6037 honeste
1250 5978 1387 6033 utuntur
1410 5981 1421 6030 ι
1443 5980 1609 6033 summam
1638 5960 1774 6035 laudem
1807 5982 2021 6055 consequun-

385 6082 472 6147 tur.
495 6066 625 6143 Nestor
649 6085 727 6140 cum
753 6058 873 6157 opibus
901 6078 1041 6157 posset:
1071 6082 1129 6135 eas
1154 6060 1199 6136 ad
1223 6060 1434 6135 extruendas
1462 6060 1625 6132 Domos:
1651 6058 1689 6133 ld
1714 6062 1808 6154 quod
1845 6059 2021 6155 magnifici

388 6184 442 6241 est
468 6163 608 6240 Animi:
632 6183 737 6261 atque
761 6158 915 6237 excelsi:
939 6164 982 6235 ad
1011 6160 1206 6237 Liberorum
1233 6179 1369 6234 suorum
1395 6152 1609 6231 utilitatem:
1634 6158 1677 6229 ad
1705 6154 1888 6255 Egentium
1917 6162 2024 6233 bene·

389 6264 470 6339 licia
496 6264 669 6339 eontulit.
697 6254 811 6337 Dandi
837 6274 914 6335 sunt
938 6261 973 6335 lri
1002 6258 1158 6355 profecto
1187 6282 1263 6335 mea
1286 6257 1455 6334 sententia
1479 6255 1565 6332 vitio
1580 6278 1591 6329 ε
1607 6257 1665 6352 qui
1690 6276 1770 6329 cum
1797 6258 2021 6351 congerendis

391 6360 547 6463 pecuniis
569 6363 664 6441 omni
687 6362 757 6449 aiot
780 6362 895 6439 studio
919 6360 1070 6437 intenti:
1098 6358 1227 6437 nullum
1268 6374 1433 6459 quaestum
1459 6374 1596 6453 turpem
1639 6372 1788 6453 putant.
1813 6359 1944 6433 Nestor
1980 6379 2026 6433 eo

1880 6480 1973 6554 quaa·
