5584 7900
743 1158 748 1164 “
835 1173 909 1249 nt.
948 1170 1486 1269 ronoounnro.
1897 1212 1967 1292 ῃ,

474 1489 583 1621 pag.
622 1467 705 1584 78'.
742 1462 1089 1586 GAuZONt
1145 1467 1528 1563 GlOVANNl
1560 1398 1879 1607 aggiungasi.

485 1645 518 1694 ‘r
848 1671 850 1674 -
1804 1697 1810 1708 .

336 1719 543 1895 Avendo
569 1811 626 1888 noi
652 1807 685 1884 in
710 1823 831 1912 questo
856 1807 1004 1886 anticolo
1029 1805 1087 1903 piu
1104 1807 1207 1892 ‚volte
1224 1805 1505 1898 sattamenaione
1528 1810 1620 1888 delle
1644 1815 1738 1893 satie
1764 1823 1927 1903 orationi
1946 1831 2015 1908 Μς.
2156 1835 2161 1842 ’

386 1912 445 1990 del
469 1929 587 1988 nostro
611 1912 789 2000 Garzoui,
816 1911 881 1984 che
903 1913 931 1985 si
956 1929 1171 1986 conservato
1197 1907 1287 1985 nella
1311 1908 1504 1984 biblioteca
1527 1912 1614 1986 dell'
1640 1916 1806 1994 Instituto
1819 1948 1836 2012 ‚·
1858 1928 2019 2007 abbiamo

382 2013 530 2088 creduto
553 2011 592 2086 di
613 2006 664 2082 far
689 2031 770 2084 cosa
795 2025 894 2107 grata
917 2009 950 2082 ai
978 2006 1137 2095 bettoni,
1166 2007 1443 2103 pubblicandone
1482 2007 1633 2102 alcone,
1658 2020 1937 2104 massimameote
1970 2030 2017 2102 ei·

380 2111 577 2210 guardando
601 2125 721 2203 queste
742 2110 855 2184 alcuni
881 2107 1069 2196 Letterati,
1097 2105 1131 2182 di
1153 2109 1209 2182 cui
1233 2109 1260 2181 si
1284 2111 1304 2180 e
1328 2105 1470 2204 perlato
1494 2108 1585 2188 nelle
1612 2132 1730 2191 nostre
1753 2129 1920 2202 memorie
1936 2173 1951 2218 ,
1967 2128 2011 2207 ed

386 2211 465 2289 altri
490 2207 632 2286 Uomioi
656 2208 805 2306 insigni.
1896 2207 1900 2213 ·

422 2475 567 2565 Oratio
584 2475 762 2594 funebris
780 2473 926 2590 Jounm‘
952 2471 1149 2562 Guroons'r
1177 2479 1226 2562 le
1252 2475 1397 2558 Funere
1428 2474 1630 2588 Peregrini
1658 2481 1908 2574 Zanbeccun'
1922 2547 1938 2574 .

335 2703 403 2880 Si
427 2722 504 2802 que
529 2719 647 2782 morte
671 2701 900 2800 defugiuntur,
926 2696 1075 2776 miserias
1099 2696 1381 2796 calamitatesque
1406 2717 1523 2774 mente
1547 2700 1754 2799 agitaretur:
1776 2694 2016 2806 prestantissi.

414 2803 583 2906 misici:
607 2801 768 2898 prolecto
791 2823 869 2878 com
896 2799 949 2874 sel
974 2803 1195 2898 parentibus,
1223 2798 1277 2874 uel
1303 2801 1483 2896 cognatis,
1503 2803 1559 2874 vel
1582 2801 1737 2880 affinibus
1752 2811 1923 2904 privamur
1938 2840 1950 2893 :
1968 2817 2019 2893 la.

387 2902 546 2996 chrymas
569 2903 777 2978 omittendas
798 2915 1016 2997 putaremus.
1043 2903 1093 2975 At
1116 2915 1233 2976 nostra
1259 2897 1332 2972 haec
1373 2895 1567 2998 fragilitas:
1591 2918 1629 2978 ut
1654 2927 1713 2982 eas
1749 2913 1934 2990 continere
1960 2937 2020 2992 oe·

383 3002 712 3100 queamusaefficit.
735 3018 869 3076 constat
884 3022 1031 3096 namque
1055 3001 1164 3074 bomo
1188 3017 1226 3074 et
1251 2999 1365 3073 anima
1389 3018 1427 3076 et
1451 3023 1631 3096 corpore:
1653 3026 1697 3078 es
1721 3026 1792 3100 quo
1815 3007 1858 3084 fit
1883 3030 1923 3090 nt
1945 3036 2025 3088 om.

383 3099 485 3176 uibus
503 3099 638 3199 ,ingenii
666 3101 790 3189 uiribus
812 3098 937 3176 rationi
963 3099 1135 3195 appetitus
1160 3097 1402 3194 obtemperare
1428 3100 1699 3200 debeatsatqne
1724 3100 1883 3184 omnibus
1907 3111 2021 3188 fortu-

383 3221 440 3276 ne
460 3197 534 3286 telis
572 3201 780 3296 contemptis
804 3200 839 3273 in
865 3199 927 3274 illa
953 3217 1115 3274 :eternam
1144 3197 1402 3296 ⁴ersrlesremque
1436 3203 1601 3277 domum:
1627 3224 1705 3300 que
1730 3205 1888 3280 omnibus
1923 3213 2022 3286 rebus

384 3299 504 3398 potior
528 3319 599 3378 esse
623 3299 752 3378 debet:
779 3302 916 3396 quando
942 3297 1035 3376 nullo
1061 3299 1207 3376 termino
1229 3301 1479 3376 contineatur:
1503 3300 1597 3374 oculi
1621 3307 1690 3378 sint
1714 3298 1920 3396 conjiciendi
1936 3358 1948 3378 .
1964 3311 2019 3386 ud

384 3421 464 3476 eam
486 3395 567 3474 nulli
600 3398 662 3474 nisi
688 3419 801 3476 morte
826 3415 928 3496 patet
955 3400 1089 3476 aditus.
1114 3403 1216 3496 Quot
1238 3397 1469 3500 gloriosissimi
1495 3416 1781 3496 martyremum
1801 3404 1845 3478 ad
1860 3405 2020 3502 atriplen·

383 3500 465 3574 darn
487 3495 582 3572 illam
597 3497 739 3593 patriam
769 3521 939 3596 propenso
965 3497 1130 3576 ferrentur
1153 3503 1272 3576 animo
1299 3516 1446 3576 mortem
1459 3514 1767 3597 contempserunt:
1783 3503 2021 3582 existimantes

384 3595 501 3672 multo
524 3617 597 3672 esse
623 3595 838 3692 preclarius,
864 3622 905 3676 ae
931 3600 1137 3695 prestantius
1160 3622 1240 3678 eum
1260 3601 1328 3676 deo
1351 3598 1594 3693 sempiternum
1618 3622 1730 3678 etum
1756 3623 1891 3701 agere:
1917 3627 2022 3700 quam

387 3697 425 3770 in
453 3697 502 3770 his
528 3693 657 3770 labibus
680 3715 778 3774 terre
807 3697 953 3775 venari.
980 3701 1164 3776 Testantur
1189 3703 1258 3776 boc
1277 3699 1403 3774 divinar
1428 3698 1584 3776 fluere:
1618 3700 1787 3798 aquibus
1810 3701 1871 3800 qui
1895 3701 2024 3778 disten·

386 3797 502 3870 tiunt:
530 3795 566 3870 bi
592 3797 795 3874 tenuitatis
822 3795 948 3880 lamam
974 3821 1051 3874 mea
1076 3800 1248 3878 sententia
1275 3799 1440 3874 subeunt.
1466 3798 1598 3898 Atqui
1623 3821 1695 3874 oon
1722 3801 1826 3878 uideo
1851 3823 1912 3878 eur
1927 3805 2028 3890 l’ete·

386 3893 476 3992 gtini
502 3893 770 3974 Zambtcbarii:
794 3895 887 3989 eujus
916 3898 985 3976 sita
1010 3899 1185 3995 sapienter.
1219 3918 1413 3998 sancteque
1451 3917 1531 3978 acta
1557 3922 1600 3975 ae
1623 3899 1764 3979 decursa
1798 3916 1883 3981 est:
1908 3921 2025 3979 morte

385 3992 519 4069 moreti
544 3995 722 4069 debeatis.
737 3992 891 4083 seiunxit
914 4020 951 4073 se
978 4000 1028 4071 vir
1053 4001 1332 4093 prudentissimus
1355 3999 1401 4075 ab
1426 3999 1478 4091 lais
1503 4001 1764 4097 miserimque
1786 3998 1820 4074 ei
1842 4000 2022 4077 nobiscum

382 4113 584 4167 communes
611 4114 726 4170 erant.
754 4096 824 4172 Vos
848 4112 963 4172 antem
990 4102 1072 4173 dnm
1097 4120 1155 4175 eas
1179 4121 1348 4193 expono:
1374 4120 1492 4197 queso
1516 4099 1701 4195 diligenter
1724 4096 1929 4177 attendite.
1956 4100 2025 4173 los·

383 4193 551 4287 piciamus
573 4192 689 4291 itaque
715 4194 892 4269 hominem
918 4222 939 4271 a
964 4220 1102 4295 puero:
1138 4220 1241 4294 quem
1267 4200 1303 4272 in
1328 4197 1440 4273 lucem
1468 4199 1599 4275 nudato
1636 4216 1787 4294 corpore
1824 4214 2023 4294 sumptum

383 4306 559 4369 constat:
582 4294 619 4365 ld
643 4298 735 4389 quod
761 4294 867 4367 brutis
893 4298 1037 4371 minime
1063 4314 1204 4373 euenit:
1231 4318 1377 4392 quorum
1401 4320 1549 4392 corpora
1572 4297 1675 4375 sotiis
1701 4296 1809 4395 spinis·
1827 4292 1914 4372 villis
1947 4298 2031 4371 tetis

382 4390 461 4485 pilis
500 4390 621 4485 plumis
647 4393 929 4493 teguntlQre
952 4416 1005 4471 tes
1029 4394 1136 4477 efficit
1163 4410 1203 4469 ut
1229 4396 1356 4470 Plinius
1379 4393 1441 4470 ille
1464 4396 1596 4470 bomini
1624 4412 1780 4475 naturam
1805 4393 1914 4491 ipsam
1957 4417 2029 4473 oon

383 4504 564 4589 parentem
587 4492 646 4557 sed
674 4514 856 4587 novercam
884 4480 1216 4564 extitisse'fateatut
1231 4513 1244 4586 ².
1260 4518 1343 4589 eum
1367 4496 1556 4592 praesertim
1584 4495 1752 4593 vagitibus
1777 4491 1967 4591 ploratibus
1980 4495 2029 4569 la·

386 4578 532 4667 chrymrs
557 4569 741 4647 confestum
768 4587 998 4667 totqoeatur.
1023 4572 1111 4646 Sunt
1136 4574 1211 4643 hee
1236 4574 1284 4643 rllt
1311 4586 1393 4645 urta
1416 4594 1515 4647 rostra
1538 4598 1616 4669 quae
1639 4594 1666 4649 si
1691 4594 1770 4673 qous
1809 4588 1941 4659 foelicia
1966 4611 2028 4680 pu·

388 4691 467 4751 tet:
494 4693 564 4749 non
592 4690 697 4766 parva
721 4670 830 4767 ipsum
855 4670 951 4765 capit
977 4673 1100 4745 meotis
1124 4666 1362 4745 imbecillitas.
1379 4670 1480 4745 Adde
1501 4671 1630 4749 risum:
1648 4694 1750 4769 quem
1766 4674 1856 4750 intra
1880 4686 2026 4776 quadra·

387 4774 555 4873 gesimum
581 4772 673 4847 diem
696 4768 942 4847 continemus.
968 4770 1060 4863 Qun
1084 4769 1178 4844 inter
1203 4788 1266 4843 nos
1290 4769 1500 4867 gignuntur:
1528 4768 1616 4847 seras
1640 4773 1736 4847 nulla
1763 4774 1901 4853 vincula
1934 4783 2026 4859 euci-

387 4877 513 4969 piunt.
539 4870 728 4947 Hominem
753 4884 868 4946 antem
894 4888 1090 4966 quanquam
1113 4866 1301 4942 ceterissit
1318 4870 1541 4961 imperaturus
1567 4873 1720 4949 manibus
1734 4876 1943 4973 pedibusque
1966 4887 2028 4962 de.

389 4973 510 5049 vinctis
532 4968 688 5047 mulieres
703 4969 848 5069 'gremio
874 4988 937 5043 suo
962 4968 1136 5045 retinent.
1162 4967 1309 5040 Primum
1344 4964 1396 5040 illi
1423 4971 1490 5045 iter
1528 4987 1582 5045 est
1618 4974 1876 5066 quadrupedum
1902 5001 2026 5059 more.

389 5075 484 5169 Quid
510 5070 632 5167 loquar
656 5072 701 5145 de
742 5067 893 5143 incessu:
918 5068 999 5164 quid
1027 5070 1071 5143 de
1097 5087 1185 5141 voce
1202 5064 1321 5161 :quid
1344 5068 1390 5141 de
1412 5090 1474 5141 ore
1498 5070 1542 5143 ad
1567 5067 1682 5146 cibum
1720 5069 1881 5153 idoneo:
1907 5082 2028 5175 quibus

391 5176 499 5249 homo
525 5170 560 5245 oi
581 5167 726 5247 multum
754 5167 986 5245 intercesserit
1011 5164 1201 5260 temposis:
1226 5165 1360 5259 penitus
1387 5166 1568 5261 privatur?

339 5275 440 5366 Quin
466 5268 640 5346 molestius
664 5266 842 5345 ferendum
866 5280 946 5342 est:
967 5288 1046 5343 cum
1074 5284 1198 5340 cetera
1223 5262 1412 5339 animantia
1437 5280 1544 5363 tantqs
1568 5265 1796 5345 incommodis
1813 5292 2028 5373 nequaquam

394 5373 574 5449 laborent:
604 5368 691 5444 Sunt
710 5365 769 5443 illa
792 5365 949 5441 nimirum
976 5385 1108 5462 magne
1147 5361 1387 5439 imbecillitatis
1422 5363 1571 5441 indicia.
1602 5367 1654 5443 Ut
1693 5371 1801 5445 homo
1842 5378 2028 5467 septimum

392 5462 1137 5667 strueretur:..illiniunt
1150 5463 1725 5641 ²..lllll.ll‘ll‘.ll‘lltl⁰
1746 5469 1931 5647 2ξὲῖὶῗὲΞί
1949 5490 2027 5668 εἰ·

393 5669 527 5751 raonis:
554 5666 682 5743 nullum
707 5665 914 5742 crudelitatis
936 5687 1044 5765 genus
1067 5662 1396 5760 praetermittuntur
1421 5684 1593 5760 nunquam
1616 5666 1652 5738 io
1678 5665 1750 5739 rita
1763 5667 1952 5745 introivisse
1978 5672 2023 5745 il·
2162 5658 2169 5749 ’,

394 5776 422 5847 li
447 5770 566 5848 nulius
589 5763 728 5844 luisset.
747 5766 951 5863 Complures
976 5783 1059 5841 aetas
1085 5784 1161 5839 mea
1184 5784 1307 5861 pueros
1333 5764 1440 5840 vidit:
1468 5768 1525 5861 qui
1551 5765 1793 5861 desperatione
1819 5768 2015 5865 compulsi:

398 5872 491 5968 quod
515 5870 560 5945 de
584 5866 661 5963 ipsis
686 5864 835 5962 magistri
856 5864 946 5940 male
970 5865 1211 5942 merebuntur:
1233 5886 1269 5942 se
1294 5884 1331 5939 se
1353 5862 1437 5939 ludo
1462 5862 1684 5942 abdicarunt:
1699 5869 1789 5943 baud
1813 5889 1874 5945 eos
1900 5890 2019 5961 paren·

397 5986 450 6046 tes
472 5967 564 6044 laudi
588 5964 766 6043 dederim:
790 5964 849 6063 qui
875 5964 909 6040 in
933 5964 1081 6043 liberos:
1107 5966 1134 6043 si
1158 5966 1247 6059 ipsos
1272 5965 1506 6041 discendarum
1528 5962 1718 6040 litterarum
1743 5968 1875 6043 nullum
1891 5967 2025 6049 deride·

401 6070 485 6143 rium
510 6068 648 6163 capiat:
675 6065 972 6143 animadvertunt.
1000 6066 1224 6143 Commodius
1250 6062 1434 6143 faceoent:
1458 6061 1483 6137 si
1510 6081 1666 6141 naturam
1691 6067 1817 6143 ducem
1840 6085 2023 6160 sequeren-

400 6184 481 6244 tur:
506 6190 583 6262 quae
606 6166 706 6243 illos:
730 6164 848 6264 quales
872 6188 945 6244 esse
967 6168 1097 6243 debent
1120 6183 1157 6242 et
1177 6165 1212 6243 in
1239 6188 1309 6265 quo
1333 6186 1460 6266 genere
1484 6164 1565 6239 uite
1586 6187 1598 6240 :
1623 6164 1820 6240 admonet.
1842 6162 1912 6239 Ubi
1936 6180 2024 6241 etr·

403 6268 430 6344 ti
456 6266 557 6343 robur
580 6266 746 6343 accessit:
771 6270 850 6345 sire
873 6286 981 6370 genus
1003 6268 1183 6367 deligunt.
1204 6265 1263 6343 alii
1285 6266 1321 6345 in
1345 6289 1455 6365 remp·
1479 6286 1517 6347 re
1538 6260 1723 6343 &ulerunt
1745 6280 1785 6345 et
1806 6262 1844 6341 io
1866 6285 1911 6342 et
1948 6288 2026 6345 ver·

403 6368 469 6445 sari
493 6364 625 6467 plurimi
652 6363 806 6444 larunt.
1137 6466 1164 6541 P
1934 6460 1956 6537 Ι

1190 6485 1213 6543 a
1955 6482 1978 6537 n
