5584 7900
612 1147 613 1150 ‘
720 1243 726 1250 ..
847 1143 1493 1246 rasomonorum.
1889 1187 1963 1268 ,η
2089 1194 2091 1211 «

378 1307 476 1406 quod
504 1306 642 1389 nimiam
669 1309 807 1390 dicendi
829 1313 1061 1408 prolixitatem
1087 1335 1239 1392 vereor:
1258 1319 1302 1393 de
1327 1319 1491 1396 industria
1517 1337 1708 1418 pretereo.
1939 1374 1942 1385 ι

328 1409 397 1484 Eos
422 1429 544 1486 tamen
569 1413 818 1505 reprehendere
842 1411 963 1488 soleo:
986 1415 1044 1510 qui
1071 1431 1110 1489 ut
1133 1437 1380 1494 consenescant
1404 1424 1588 1514 optionem
1613 1425 1674 1497 sibi
1699 1421 1827 1501 deferti
1852 1443 2029 1524 optant:

374 1531 456 1584 cunr
486 1507 685 1606 plerumque
711 1525 867 1586 scneonn
886 1528 953 1586 ea:
979 1535 1056 1606 qua
1082 1512 1194 1590 nollet
1218 1517 1355 1594 videat.
1385 1522 1487 1613 Apud
1526 1521 1718 1599 Homerum
1741 1525 1912 1604 inducitur
1936 1535 2005 1609 Pri·

373 1630 473 1684 amus
497 1617 613 1712 renea
632 1613 726 1706 quod
750 1609 929 1705 alligatum
958 1613 1067 1685 currui
1081 1613 1271 1688 Hectorem
1296 1636 1536 1714 cognoverat:
1553 1616 1782 1707 hujuscemodi
1803 1629 2004 1709 orationem

374 1709 525 1790 babens.
545 1709 581 1784 Si
598 1711 664 1786 mei
679 1706 827 1784 'solliciti
851 1710 932 1785 estis
958 1709 1059 1784 amici
1076 1730 1088 1783 e
1105 1711 1246 1784 'mittite
1273 1737 1354 1788 me:
1382 1734 1419 1788 ut
1444 1719 1488 1788 ad
1512 1709 1711 1795 achivorum
1738 1745 1837 1801 naves
1859 1747 2006 1805 conten·

375 1811 482 1884 dam.
509 1808 629 1884 orabo
650 1805 823 1882 Achillem
851 1807 993 1903 impium
1018 1827 1057 1882 et
1078 1807 1202 1884 sortem
1229 1806 1335 1890 virum
1361 1829 1511 1893 :enema
1534 1834 1623 1890 mee
1646 1825 1832 1901 reverentia
1858 1825 2004 1905 sortasse

372 1926 411 1986 ct
436 1906 664 1983 misericordia
689 1906 902 1983 movebitur.
930 1906 1075 1980 Utinam
1100 1929 1157 1982 me
1183 1904 1274 2000 prius
1297 1908 1347 1983 vit
1372 1911 1486 2006 aliqua
1512 1913 1649 2005 morbi,
1675 1936 1734 1996 aut
1768 1938 1888 1998 natura
1925 1928 2000 2022 ipsa

376 2007 662 2102 consumpsisset:
686 2027 787 2099 quam
812 2006 861 2080 sic
885 2019 1017 2081 metum
1042 2002 1181 2082 ionum
1205 2009 1349 2097 egisset:
1378 2029 1442 2084 nec
1467 2031 1649 2087 moetetem
1667 2036 1678 2089 :
1696 2039 1761 2094 nec
1786 2021 1924 2098 flerem.
1940 2027 2001 2099 tt.

374 2106 528 2182 Tullius.
553 2103 647 2180 Lucii
673 2104 787 2180 Crassi
814 2118 970 2177 mortem·
989 2101 1087 2177 nullis
1113 2105 1293 2201 lachrymis
1318 2107 1519 2206 plorandam
1545 2126 1665 2188 censet
1684 2137 1698 2188 :
1717 2120 1812 2211 quod
1851 2141 1916 2198 nee
1939 2122 2002 2197 lla·

373 2227 526 2304 granrem
552 2201 645 2280 bello
672 2197 835 2282 ltaliam:
861 2221 929 2280 nec
952 2203 1130 2281 ardentem
1170 2207 1295 2282 invidia
1334 2209 1527 2287 Senatum:
1552 2231 1616 2286 nec
1651 2209 1780 2287 luctum
1806 2213 1908 2292 filiae:
1933 2240 1999 2297 nec
2041 2211 2043 2215 ’

370 2305 508 2382 erilium
533 2305 675 2402 generi:
703 2327 768 2384 nec
794 2305 1041 2383 acerbissimam
1077 2307 1120 2379 G.
1149 2306 1253 2382 Marii
1279 2302 1396 2406 fugam
1422 2305 1533 2384 uidit.
1564 2308 1652 2385 baud
1679 2309 1751 2391 lieri
1776 2331 1892 2408 potest
1913 2318 1996 2413 quin

373 2405 409 2478 bi
434 2425 556 2503 graves
582 2427 720 2482 suorum
745 2429 840 2483 casus
864 2405 1033 2482 doleant:
1049 2401 1105 2499 qui
1133 2404 1327 2482 diuturnam
1353 2408 1459 2482 vitam
1481 2405 1598 2484 vivum
1614 2409 1673 2486 :id
1696 2415 1791 2507 quod
1815 2429 1921 2508 poeta
1948 2415 2002 2494 in·

376 2503 479 2603 siguis
503 2507 556 2582 bis
582 2507 729 2586 renibus
754 2506 934 2604 diligenter
959 2504 1145 2602 expressit.
1172 2505 1341 2582 Ducenda
1367 2523 1483 2583 tamen
1508 2523 1608 2593 sunt.

627 2611 757 2682 Funera
782 2626 961 2681 nutarunt:
982 2629 1080 2702 rogus
1103 2604 1304 2700 aspiciendus
1323 2625 1443 2682 ancre

603 2701 818 2806 ‘Conjrrgirr
844 2724 876 2778 er
892 2701 1017 2800 fratris
1036 2701 1206 2801 plenaeque
1229 2706 1390 2781 sororibus
1415 2731 1538 2783 utne.

622 2807 709 2878 Her
734 2805 815 2878 doro
836 2824 933 2901 putto
958 2801 1014 2876 diu
1039 2802 1263 2881 uiuentibus:
1291 2824 1329 2877 :rr
1352 2825 1518 2881 renovarat

622 2905 752 2999 Semper
772 2904 863 2978 clude
885 2901 998 2976 domur
1021 2901 1132 2976 multis
1155 2909 1190 2974 itt
1214 2903 1354 2980 lueribtrr
1377 2908 1511 3004 inquit.
1622 2934 1625 2987 ι

623 3003 782 3099 Perpetuo
808 3023 943 3078 merore
967 3019 1000 3075 er
1028 3004 1128 3099 nigra
1152 3020 1248 3076 verre
1271 3022 1469 3078 senescant.

326 3099 579 3203 Respondeant
612 3101 787 3178 obsecro:
812 3103 871 3198 qui
895 3116 934 3174 ut
959 3098 1053 3178 senio
1077 3101 1326 3181 conficiantur:
1352 3127 1373 3180 a
1397 3104 1460 3180 diis
1483 3103 1728 3186 immortalibus
1752 3110 1935 3208 optionem
1959 3113 2002 3189 sl·
2033 3108 2039 3115 ’

373 3207 410 3280 b'r
451 3200 577 3281 deferti
612 3201 764 3278 solunt.
789 3203 856 3276 Sed
892 3199 1093 3277 omittamus
1117 3204 1209 3298 quod
1233 3219 1387 3281 senectus
1412 3227 1434 3278 a
1456 3206 1554 3282 rebus
1578 3211 1733 3304 gerendis
1751 3212 1925 3289 bominem
1951 3235 2008 3288 te·

371 3318 502 3384 vocet.
526 3305 596 3378 Res
621 3300 713 3377 enim
740 3323 874 3401 magne
900 3321 971 3376 non
997 3297 1120 3374 uiribus
1143 3314 1181 3377 et
1205 3290 1410 3380 celentate:
1435 3305 1494 3378 sed
1519 3304 1665 3381 consilio
1699 3311 1907 3386 auctoritate
1941 3331 2009 3408 ge·
2072 3292 2084 3310 ’

368 3415 518 3481 cuntur.
544 3401 672 3478 Verum
698 3423 821 3500 corpus
845 3399 1116 3479 valitudimriurn
1140 3395 1246 3478 efficit
1261 3421 1496 3500 :quamquam
1514 3404 1568 3477 M.
1587 3403 1712 3481 Tullius
1736 3409 1928 3505 complures
1953 3430 2007 3482 es·

370 3527 410 3581 te
436 3499 607 3577 affirmet:
630 3503 690 3600 qui
717 3503 762 3578 ad
788 3519 981 3581 extremum
1006 3523 1110 3600 usque
1146 3501 1299 3594 spiritum
1339 3502 1491 3596 corporis
1526 3500 1649 3578 robore
1675 3503 1883 3604 riguerunt.
1919 3506 2007 3584 Non

374 3603 477 3677 datur
501 3601 657 3676 omnibus
683 3605 947 3699 prestantissimi
974 3602 1060 3678 viri:
1087 3617 1200 3676 utest
1223 3601 1258 3675 in
1287 3599 1468 3697 proverbio
1482 3600 1691 3679 Corinthum
1716 3603 1882 3700 proficisci
1899 3651 1912 3677 .
1929 3608 2010 3678 l’cr·

374 3700 504 3778 multos
529 3699 670 3776 vidimus
695 3723 825 3778 renes:
853 3702 910 3800 qui
936 3724 1138 3800 quanquam.
1177 3699 1347 3777 iuventam
1370 3715 1488 3793 ceste,
1528 3716 1716 3794 sancteque
1752 3701 2011 3778 instituissent:

333 2671 357 2712 ἱ

216 3863 222 3876 s
374 3801 533 3898 pedum,
555 3800 702 3898 capitis,
728 3799 870 3878 laterum
898 3801 1021 3879 dolore
1047 3800 1270 3878 laborarunt.
1296 3803 1382 3876 Sunt
1403 3797 1463 3874 illa
1500 3799 1682 3876 senectutis
1719 3801 1856 3896 proptia
1896 3796 2009 3874 vultus

375 3895 568 3990 deformis,
592 3921 634 3975 ae
655 3901 706 3977 sui
732 3901 916 3993 dissimilis,
949 3921 1046 4003 gene
1073 3900 1288 3997 pendentes,
1312 3919 1350 3977 et
1373 3922 1531 3997 rugarum
1556 3898 1691 3995 plene:
1716 3900 1874 3996 torporis
1896 3893 2009 3971 imbe-

376 3997 526 4087 cillitas,
551 4000 702 4075 membra
728 4004 935 4090 trementia,
961 4002 1081 4097 capitis
1106 3999 1258 4078 caluities
1280 4050 1290 4095 ‚
1314 4000 1459 4079 catarri.
1482 4003 1572 4096 Quae
1604 4020 1684 4073 cum
1724 3998 1772 4073 ita
1797 4000 1886 4072 sint:
1922 3992 2009 4071 nibil

351 4096 550 4193 estquod
576 4100 748 4200 Peregrini
773 4103 885 4179 obitus
910 4100 1005 4179 nobis
1030 4122 1215 4178 maerorem
1242 4102 1442 4197 luctumque
1468 4096 1590 4175 afferte
1612 4095 1741 4171 debeat
1757 4097 1878 4196 .Quin
1901 4115 2010 4191 agen·

374 4200 432 4270 dar
458 4197 691 4297 habendaeque
714 4220 792 4279 sunt
832 4207 899 4280 deo
939 4202 1056 4301 gratie
1095 4204 1188 4299 quod
1224 4216 1295 4275 tarn
1331 4200 1469 4275 sordido
1506 4218 1645 4272 carcere
1668 4194 1832 4270 liberatus
1856 4195 2011 4269 interam

374 4292 577 4373 libertatem
604 4301 777 4378 restitutus
801 4320 851 4377 est
880 4354 890 4375 .
916 4305 1005 4397 Qum
1031 4325 1066 4373 n.
1096 4302 1230 4375 libertas
1255 4298 1389 4389 major,
1412 4319 1489 4395 qure
1514 4294 1718 4395 gloriosior:
1744 4315 1823 4390 qure
1847 4310 2011 4390 ptaertan·

371 4394 448 4469 tior
474 4396 613 4471 inveniti
641 4418 780 4491 potest,
800 4425 875 4496 qua
891 4403 1001 4498 magis
1017 4415 1206 4493 perpetua:
1221 4418 1323 4493 quam
1351 4418 1429 4471 cum
1456 4399 1524 4470 deo
1550 4397 1624 4491 ipro
1636 4394 1878 4489 sempiternam
1904 4394 2012 4469 viram

374 4512 505 4579 igere·
529 4496 566 4559 Ο
593 4496 734 4555 coeleste
772 4499 998 4571 divinumque·
1037 4494 1252 4553 domicilium
1291 4495 1421 4560 homini
1460 4497 1673 4571 eumdum:
1696 4494 1740 4565 ud
1763 4494 1856 4580 (111οἀ
1891 4506 2014 4564 ΟΜΝ.

377 4578 613 4677 cogitationes
640 4591 767 4651 nostrae
793 4597 869 4651 sunt
896 4574 1110 4663 relerendre.

327 4684 371 4758 ln
396 4680 543 4771 idipsum
571 4678 661 4750 hanc
683 4678 833 4751 animam
859 4672 1011 4751 evolasse
1035 4675 1110 4768 quis
1135 4672 1321 4773 ambigat?
1346 4694 1423 4747 cum
1449 4669 1620 4773 intelligar
1641 4669 1712 4761 eius
1752 4672 1860 4753 uitam
1894 4691 2013 4754 sancte

376 4799 498 4861 actam
528 4795 631 4874 atque
653 4778 865 4853 decursam:
892 4774 1076 4870 Nunquam
1101 4799 1121 4847 a
1147 4795 1183 4849 se
1209 4771 1441 4849 fortitudinem
1466 4793 1542 4865 quat
1567 4775 1678 4865 ipsum
1702 4790 1803 4850 tanto
1826 4776 1936 4873 etegit
1959 4800 2014 4853 es·

376 4902 421 4955 sc
448 4877 592 4969 animo:
618 4892 657 4948 ut
681 4898 758 4972 quae
782 4875 815 4950 ei
841 4873 979 4948 euenire
1005 4890 1167 4967 poterant
1192 4876 1330 4948 aduersa
1369 4885 1633 4945 contemneret:
1671 4870 1912 4968 seiungendam
1950 4897 2016 4971 pu·

377 4976 490 5055 tavit.
517 4974 701 5073 Nunquam
728 4971 1015 5071 temperantiam:
1043 4994 1144 5065 quem
1174 4972 1227 5045 M.
1255 4969 1368 5045 lulius
1393 4964 1625 5065 frugalitatem
1652 4984 1776 5043 vocat.
1801 4970 2012 5071 Hecipsum

260 5124 265 5139 ·
382 5076 471 5161 nibil
495 5076 638 5175 turpiter
664 5071 777 5150 facere
804 5097 897 5171 passa
919 5086 1000 5147 est.
1023 5072 1206 5165 Nunquam
1233 5069 1435 5165 Justitiam:
1460 5066 1545 5142 Non
1570 5067 1661 5141 enim
1704 5067 1815 5143 aliena
1855 5073 2010 5166 petiuit.

384 5178 469 5253 Nec
488 5176 547 5271 qui
574 5172 728 5250 mortalis
754 5190 852 5247 natus
892 5188 999 5246 etat:
1026 5166 1265 5245 conditionem
1305 5164 1492 5263 postularit
1530 5164 1797 5243 immortalium.
1822 5168 2012 5268 Nunquam

383 5274 626 5371 prudentiam:
652 5276 739 5347 Haec
764 5272 861 5346 illum
886 5269 1004 5346 docuit
1026 5272 1185 5346 virtutem
1228 5290 1264 5342 se
1303 5268 1402 5361 ipsa:
1427 5265 1470 5337 ad
1496 5262 1583 5341 bene
1620 5263 1787 5361 beateque
1828 5265 2010 5347 uiuendum

385 5394 460 5449 esse
486 5387 716 5449 contentam.
743 5372 819 5445 Nos
842 5388 1006 5465 quantum
1048 5393 1090 5443 ea
1129 5366 1372 5464 theologomm
1397 5360 1548 5439 lontibus
1587 5362 1722 5438 haurire
1750 5363 1919 5458 potuimus
1944 5372 2010 5449 tria

384 5471 584 5549 mortalibus
609 5473 651 5547 ad
676 5470 868 5545 coelestium
893 5488 1068 5545 numerum
1096 5490 1155 5561 pet
1180 5464 1367 5541 necessaria
1392 5457 1469 5538 sote
1494 5462 1692 5537 arbitramus
1731 5462 1860 5554 fidem,
1886 5486 2008 5561 spem,

385 5572 590 5648 charitatem
615 5614 625 5657 ‚
651 5594 728 5665 qum
752 5581 890 5669 quante
917 5571 952 5643 in
980 5569 1163 5662 Peregrino
1188 5566 1318 5643 luerint
1339 5561 1636 5657 contemplemur.

335 5678 437 5755 Nam
463 5694 529 5769 qua
551 5669 620 5744 fide
648 5664 750 5745 lu'etit
767 5668 947 5744 declarant
975 5668 1217 5764 prophetatum
1259 5682 1362 5759 atque
1405 5660 1664 5759 evangeliorum
1690 5658 1764 5735 libri
1788 5683 1906 5759 quos:
1926 5684 2005 5739 cu·

386 5772 456 5849 ocii
479 5768 639 5867 quitquid
652 5769 817 5845 dabatur:
844 5766 1008 5861 legebar:
1048 5770 1137 5868 Qua
1162 5764 1197 5839 in
1226 5765 1275 5839 bis
1301 5760 1522 5837 continentur
1545 5759 1711 5857 siquidem
1737 5763 1920 5841 mendacio
1943 5787 2005 5841 va·

386 5890 494 5948 cant:
522 5869 573 5945 his
598 5869 816 5945 uehementer
840 5866 1111 5943 assentiebatur.

333 5980 487 6063 vSemper
512 5970 546 6043 in
573 5968 660 6045 bane
685 5966 889 6043 sententiam
914 5966 1103 6057 concessit:
1130 5980 1168 6038 ut
1194 5960 1250 6059 qui
1278 5958 1313 6035 in
1337 5957 1534 6056 corporibus
1557 5958 1711 6037 mmanis
1734 5960 1924 6041 eoelestium
1960 5958 2011 6034 vi·

388 6089 462 6146 tam
487 6068 610 6143 imitati
634 6083 775 6144 essent:
801 6065 852 6140 his
875 6064 988 6163 ampla
1012 6080 1115 6161 atque
1128 6060 1329 6137 immortalia
1346 6085 1356 6134 :
1371 6080 1450 6137 cum
1474 6083 1495 6133 a
1518 6058 1844 6151 vitreiscmerentJ
1869 6061 2009 6149 premia

387 6170 647 6244 tribuerentur.
665 6168 799 6241 Contra
813 6165 870 6263 qui
887 6189 907 6240 a
923 6188 1001 6241 uera
1026 6167 1113 6241 idest
1138 6163 1320 6237 christiana
1335 6160 1505 6257 religione
1528 6157 1755 6234 declinassent
1773 6177 2006 6251 :nequaquam

389 6270 442 6345 bis
469 6265 544 6342 lore
569 6267 703 6359 impune
720 6290 737 6343 :r
756 6267 794 6339 ld
833 6266 924 6363 quod
967 6265 1088 6340 dininae
1125 6280 1178 6339 cst
1213 6257 1373 6350 iustitia:
1403 6258 1481 6333 Nec
1520 6255 1592 6335 fieti
1610 6276 1722 6353 posse
1753 6256 1936 6334 terrebat:
1970 6276 2009 6333 ue

361 6368 449 6476 ⁸¹qui
475 6391 495 6441 a
521 6364 589 6442 lide
613 6364 825 6446 delicerent:
850 6366 886 6440 lri
913 6362 971 6444 vel
994 6364 1168 6465 egregiam
1193 6380 1315 6442 natue
1338 6380 1482 6455 operam
1506 6373 1668 6457 possent:
1693 6354 1775 6435 Erat
1810 6352 1895 6430 illud
1919 6353 1952 6431 ei
1976 6355 2013 6433 in

1893 6476 1965 6535 me·
