<?xml version="1.0" encoding="UTF-8"?>
<!DOCTYPE html PUBLIC "-//W3C//DTD XHTML 1.0 Transitional//EN"
    "http://www.w3.org/TR/xhtml1/DTD/xhtml1-transitional.dtd">
<html xmlns="http://www.w3.org/1999/xhtml" xml:lang="en" lang="en">
 <head>
  <title>
</title>
<meta http-equiv="Content-Type" content="text/html;charset=utf-8" />
  <meta name='ocr-system' content='tesseract 3.04.00' />
  <meta name='ocr-capabilities' content='ocr_page ocr_carea ocr_par ocr_line ocrx_word'/>
</head>
<body>
  <div class='ocr_page' id='page_1' title='image "./notiziedegliscr00fantgoog_0125.png"; bbox 0 0 5584 7900; ppageno 0'>
   <div class='ocr_carea' id='block_1_1' title="bbox 827 1123 2067 1238">
    <p class='ocr_par' dir='ltr' id='par_1_1' title="bbox 827 1123 2067 1238">
     <span class='ocr_line' id='line_1_1' title="bbox 827 1123 2067 1238; baseline -0.031 -2"><span class='ocrx_word' id='word_1_1' title='bbox 827 1149 900 1238; x_wconf 79' lang='lat' dir='ltr'>ud</span> <span class='ocrx_word' id='word_1_2' title='bbox 1176 1133 1519 1214; x_wconf 79' lang='lat' dir='ltr'>AGGllJNTE</span> <span class='ocrx_word' id='word_1_3' title='bbox 1563 1123 2067 1209; x_wconf 77' lang='lat' dir='ltr'>E&#39;CORREZIONI</span> 
     </span>
    </p>
   </div>
   <div class='ocr_carea' id='block_1_2' title="bbox 789 1291 2474 2496">
    <p class='ocr_par' dir='ltr' id='par_1_2' title="bbox 789 1291 2474 2496">
     <span class='ocr_line' id='line_1_2' title="bbox 789 1291 2471 1406; baseline -0.008 -20"><span class='ocrx_word' id='word_1_4' title='bbox 789 1327 832 1406; x_wconf 71' lang='lat' dir='ltr'>1d</span> <span class='ocrx_word' id='word_1_5' title='bbox 857 1315 920 1392; x_wconf 87' lang='lat' dir='ltr'>ersi</span> <span class='ocrx_word' id='word_1_6' title='bbox 943 1323 1039 1388; x_wconf 87' lang='lat' dir='ltr'>reete</span> <span class='ocrx_word' id='word_1_7' title='bbox 1079 1305 1206 1382; x_wconf 86' lang='lat' dir='ltr'>laetum</span> <span class='ocrx_word' id='word_1_8' title='bbox 1231 1303 1301 1380; x_wconf 84' lang='lat' dir='ltr'>sit:</span> <span class='ocrx_word' id='word_1_9' title='bbox 1325 1302 1522 1400; x_wconf 89' lang='lat' dir='ltr'>plerumque</span> <span class='ocrx_word' id='word_1_10' title='bbox 1544 1317 1661 1376; x_wconf 88' lang='lat' dir='ltr'>tamen</span> <span class='ocrx_word' id='word_1_11' title='bbox 1685 1298 1723 1373; x_wconf 90' lang='lat' dir='ltr'>in</span> <span class='ocrx_word' id='word_1_12' title='bbox 1746 1295 1895 1374; x_wconf 81' lang='lat' dir='ltr'>maxima</span> <span class='ocrx_word' id='word_1_13' title='bbox 1918 1291 2071 1368; x_wconf 88' lang='lat' dir='ltr'>incidunt</span> <span class='ocrx_word' id='word_1_14' title='bbox 2103 1292 2319 1368; x_wconf 85' lang='lat' dir='ltr'>discrimina:</span> <span class='ocrx_word' id='word_1_15' title='bbox 2362 1318 2471 1393; x_wconf 89' lang='lat' dir='ltr'>neque</span> 
     </span>
     <span class='ocr_line' id='line_1_3' title="bbox 841 1391 2472 1500; baseline 0.006 -17"><span class='ocrx_word' id='word_1_16' title='bbox 841 1419 932 1498; x_wconf 61' lang='lat' dir='ltr'>enim</span> <span class='ocrx_word' id='word_1_17' title='bbox 959 1414 1110 1496; x_wconf 80' lang='lat' dir='ltr'><strong>desunt:</strong></span> <span class='ocrx_word' id='word_1_18' title='bbox 1135 1405 1195 1500; x_wconf 88' lang='lat' dir='ltr'>qui</span> <span class='ocrx_word' id='word_1_19' title='bbox 1220 1425 1281 1479; x_wconf 89' lang='lat' dir='ltr'>eos</span> <span class='ocrx_word' id='word_1_20' title='bbox 1305 1423 1395 1486; x_wconf 84' lang='lat' dir='ltr'>nuuc</span> <span class='ocrx_word' id='word_1_21' title='bbox 1422 1400 1600 1488; x_wconf 74' lang='lat' dir='ltr'>laudibus:</span> <span class='ocrx_word' id='word_1_22' title='bbox 1624 1421 1715 1486; x_wconf 80' lang='lat' dir='ltr'>nuuc</span> <span class='ocrx_word' id='word_1_23' title='bbox 1740 1401 1910 1477; x_wconf 73' lang='lat' dir='ltr'>dedecore</span> <span class='ocrx_word' id='word_1_24' title='bbox 1935 1391 2112 1478; x_wconf 69' lang='lat' dir='ltr'>efficiant·</span> <span class='ocrx_word' id='word_1_25' title='bbox 2143 1392 2264 1487; x_wconf 70' lang='lat' dir='ltr'>P⁰P⁰¹l</span> <span class='ocrx_word' id='word_1_26' title='bbox 2277 1414 2405 1488; x_wconf 67' lang='lat' dir='ltr'>&lt;l⁰³⁰s²</span> <span class='ocrx_word' id='word_1_27' title='bbox 2430 1401 2472 1472; x_wconf 65' lang='lat' dir='ltr'>³st</span> 
     </span>
     <span class='ocr_line' id='line_1_4' title="bbox 843 1495 2474 1600; baseline -0.01 -15"><span class='ocrx_word' id='word_1_28' title='bbox 843 1515 982 1598; x_wconf 77' lang='lat' dir='ltr'>leuitas:</span> <span class='ocrx_word' id='word_1_29' title='bbox 1014 1529 1118 1582; x_wconf 87' lang='lat' dir='ltr'>neruo</span> <span class='ocrx_word' id='word_1_30' title='bbox 1142 1507 1303 1600; x_wconf 84' lang='lat' dir='ltr'>ignorat:</span> <span class='ocrx_word' id='word_1_31' title='bbox 1329 1521 1408 1576; x_wconf 89' lang='lat' dir='ltr'>eum</span> <span class='ocrx_word' id='word_1_32' title='bbox 1433 1522 1478 1575; x_wconf 92' lang='lat' dir='ltr'>eo</span> <span class='ocrx_word' id='word_1_33' title='bbox 1501 1498 1682 1574; x_wconf 80' lang='lat' dir='ltr'>dementiae</span> <span class='ocrx_word' id='word_1_34' title='bbox 1707 1497 1906 1593; x_wconf 86' lang='lat' dir='ltr'>plerumque</span> <span class='ocrx_word' id='word_1_35' title='bbox 1931 1495 2115 1570; x_wconf 80' lang='lat' dir='ltr'>deveniet:</span> <span class='ocrx_word' id='word_1_36' title='bbox 2141 1510 2180 1566; x_wconf 94' lang='lat' dir='ltr'>ut</span> <span class='ocrx_word' id='word_1_37' title='bbox 2204 1508 2361 1570; x_wconf 86' lang='lat' dir='ltr'>auctores</span> <span class='ocrx_word' id='word_1_38' title='bbox 2385 1496 2474 1569; x_wconf 88' lang='lat' dir='ltr'>salu·</span> 
     </span>
     <span class='ocr_line' id='line_1_5' title="bbox 854 1575 2473 1699; baseline -0.01 -14"><span class='ocrx_word' id='word_1_39' title='bbox 854 1615 896 1692; x_wconf 87' lang='lat' dir='ltr'>lrs</span> <span class='ocrx_word' id='word_1_40' title='bbox 918 1628 1007 1683; x_wconf 77' lang='lat' dir='ltr'>sum:</span> <span class='ocrx_word' id='word_1_41' title='bbox 1036 1625 1096 1680; x_wconf 91' lang='lat' dir='ltr'>aur</span> <span class='ocrx_word' id='word_1_42' title='bbox 1120 1603 1224 1679; x_wconf 79' lang='lat' dir='ltr'>exilio</span> <span class='ocrx_word' id='word_1_43' title='bbox 1249 1619 1309 1676; x_wconf 89' lang='lat' dir='ltr'>aut</span> <span class='ocrx_word' id='word_1_44' title='bbox 1336 1599 1455 1699; x_wconf 84' lang='lat' dir='ltr'>grandi</span> <span class='ocrx_word' id='word_1_45' title='bbox 1480 1618 1583 1675; x_wconf 81' lang='lat' dir='ltr'>rere:</span> <span class='ocrx_word' id='word_1_46' title='bbox 1620 1609 1682 1670; x_wconf 85' lang='lat' dir='ltr'>aut</span> <span class='ocrx_word' id='word_1_47' title='bbox 1720 1608 1834 1670; x_wconf 80' lang='lat' dir='ltr'>mone</span> <span class='ocrx_word' id='word_1_48' title='bbox 1858 1590 2074 1670; x_wconf 82' lang='lat' dir='ltr'>mulctandos</span> <span class='ocrx_word' id='word_1_49' title='bbox 2097 1612 2263 1670; x_wconf 76' lang='lat' dir='ltr'>censeat.</span> <span class='ocrx_word' id='word_1_50' title='bbox 2286 1575 2334 1667; x_wconf 73' lang='lat' dir='ltr'>sil</span> <span class='ocrx_word' id='word_1_51' title='bbox 2358 1595 2473 1669; x_wconf 82' lang='lat' dir='ltr'>Furius</span> 
     </span>
     <span class='ocr_line' id='line_1_6' title="bbox 847 1689 2474 1815; baseline -0.008 -32"><span class='ocrx_word' id='word_1_52' title='bbox 847 1707 1035 1786; x_wconf 84' lang='lat' dir='ltr'>Camillus:</span> <span class='ocrx_word' id='word_1_53' title='bbox 1054 1701 1234 1792; x_wconf 73' lang='lat' dir='ltr'>Africanus</span> <span class='ocrx_word' id='word_1_54' title='bbox 1257 1703 1436 1795; x_wconf 85' lang='lat' dir='ltr'>superior:</span> <span class='ocrx_word' id='word_1_55' title='bbox 1453 1698 1484 1770; x_wconf 91' lang='lat' dir='ltr'>ls</span> <span class='ocrx_word' id='word_1_56' title='bbox 1502 1695 1563 1792; x_wconf 92' lang='lat' dir='ltr'>qui</span> <span class='ocrx_word' id='word_1_57' title='bbox 1587 1689 1745 1788; x_wconf 72' lang='lat' dir='ltr'>apollinis</span> <span class='ocrx_word' id='word_1_58' title='bbox 1764 1691 1913 1794; x_wconf 81' lang='lat' dir='ltr'>delphici</span> <span class='ocrx_word' id='word_1_59' title='bbox 1937 1694 2080 1802; x_wconf 79' lang='lat' dir='ltr'>oraculo</span> <span class='ocrx_word' id='word_1_60' title='bbox 2103 1693 2300 1815; x_wconf 63' lang='lat' dir='ltr'>Imperatop</span> <span class='ocrx_word' id='word_1_61' title='bbox 2323 1693 2474 1792; x_wconf 59' lang='lat' dir='ltr'>deleequs</span> 
     </span>
     <span class='ocr_line' id='line_1_7' title="bbox 845 1789 2474 1896; baseline -0.004 -13"><span class='ocrx_word' id='word_1_62' title='bbox 845 1828 898 1886; x_wconf 91' lang='lat' dir='ltr'>est</span> <span class='ocrx_word' id='word_1_63' title='bbox 933 1804 1115 1880; x_wconf 82' lang='lat' dir='ltr'>Miltiades</span> <span class='ocrx_word' id='word_1_64' title='bbox 1139 1804 1263 1896; x_wconf 79' lang='lat' dir='ltr'>aliique</span> <span class='ocrx_word' id='word_1_65' title='bbox 1287 1796 1481 1891; x_wconf 77' lang='lat' dir='ltr'>complures</span> <span class='ocrx_word' id='word_1_66' title='bbox 1503 1799 1697 1868; x_wconf 80' lang='lat' dir='ltr'>testantur.</span> <span class='ocrx_word' id='word_1_67' title='bbox 1722 1791 1801 1870; x_wconf 86' lang='lat' dir='ltr'>Nec</span> <span class='ocrx_word' id='word_1_68' title='bbox 1827 1811 1905 1866; x_wconf 89' lang='lat' dir='ltr'>mea</span> <span class='ocrx_word' id='word_1_69' title='bbox 1931 1789 2088 1867; x_wconf 80' lang='lat' dir='ltr'>dilabitur</span> <span class='ocrx_word' id='word_1_70' title='bbox 2113 1797 2303 1874; x_wconf 79' lang='lat' dir='ltr'>memorie:</span> <span class='ocrx_word' id='word_1_71' title='bbox 2331 1796 2474 1875; x_wconf 82' lang='lat' dir='ltr'>Themi·</span> 
     </span>
     <span class='ocr_line' id='line_1_8' title="bbox 843 1880 2473 2001; baseline -0.001 -28"><span class='ocrx_word' id='word_1_72' title='bbox 843 1905 973 1992; x_wconf 66' lang='lat' dir='ltr'>,tocies</span> <span class='ocrx_word' id='word_1_73' title='bbox 987 1927 1000 1980; x_wconf 94' lang='lat'>:</span> <span class='ocrx_word' id='word_1_74' title='bbox 1014 1905 1071 2001; x_wconf 90' lang='lat' dir='ltr'>qui</span> <span class='ocrx_word' id='word_1_75' title='bbox 1084 1924 1162 1976; x_wconf 88' lang='lat' dir='ltr'>eum</span> <span class='ocrx_word' id='word_1_76' title='bbox 1187 1905 1231 1970; x_wconf 92' lang='lat' dir='ltr'>de</span> <span class='ocrx_word' id='word_1_77' title='bbox 1254 1897 1363 1990; x_wconf 80' lang='lat' dir='ltr'>patria</span> <span class='ocrx_word' id='word_1_78' title='bbox 1379 1892 1609 1968; x_wconf 78' lang='lat' dir='ltr'>benemeritus</span> <span class='ocrx_word' id='word_1_79' title='bbox 1636 1906 1744 1965; x_wconf 85' lang='lat' dir='ltr'>esset:</span> <span class='ocrx_word' id='word_1_80' title='bbox 1759 1889 1906 1988; x_wconf 78' lang='lat' dir='ltr'>turpiter</span> <span class='ocrx_word' id='word_1_81' title='bbox 1930 1890 2229 1988; x_wconf 78' lang='lat' dir='ltr'>ignominioseque</span> <span class='ocrx_word' id='word_1_82' title='bbox 2242 1893 2341 1989; x_wconf 92' lang='lat' dir='ltr'>periit</span> <span class='ocrx_word' id='word_1_83' title='bbox 2358 1941 2367 1985; x_wconf 88' lang='lat'><strong>,</strong></span> <span class='ocrx_word' id='word_1_84' title='bbox 2382 1880 2473 1984; x_wconf 68' lang='lat' dir='ltr'>hedd</span> 
     </span>
     <span class='ocr_line' id='line_1_9' title="bbox 843 1984 2472 2110; baseline -0.009 -26"><span class='ocrx_word' id='word_1_85' title='bbox 843 2027 958 2110; x_wconf 79' lang='lat' dir='ltr'>perure</span> <span class='ocrx_word' id='word_1_86' title='bbox 984 2019 1062 2076; x_wconf 92' lang='lat' dir='ltr'>sunt</span> <span class='ocrx_word' id='word_1_87' title='bbox 1091 2002 1141 2072; x_wconf 80' lang='lat' dir='ltr'>he</span> <span class='ocrx_word' id='word_1_88' title='bbox 1166 2007 1390 2092; x_wconf 87' lang='lat' dir='ltr'>tempestates</span> <span class='ocrx_word' id='word_1_89' title='bbox 1415 2005 1453 2066; x_wconf 94' lang='lat' dir='ltr'>et</span> <span class='ocrx_word' id='word_1_90' title='bbox 1478 1984 1754 2083; x_wconf 62' lang='lat' dir='ltr'>pressumque</span> <span class='ocrx_word' id='word_1_91' title='bbox 1779 1988 2031 2085; x_wconf 78' lang='lat' dir='ltr'>magistratibus</span> <span class='ocrx_word' id='word_1_92' title='bbox 2053 1987 2351 2068; x_wconf 79' lang='lat' dir='ltr'>subeundaesunt.</span> <span class='ocrx_word' id='word_1_93' title='bbox 2367 1993 2472 2070; x_wconf 82' lang='lat' dir='ltr'>Mers</span> 
     </span>
     <span class='ocr_line' id='line_1_10' title="bbox 842 2083 2471 2188; baseline 0.001 -17"><span class='ocrx_word' id='word_1_94' title='bbox 842 2111 931 2186; x_wconf 61' lang='lat' dir='ltr'>gline</span> <span class='ocrx_word' id='word_1_95' title='bbox 955 2101 1130 2176; x_wconf 83' lang='lat' dir='ltr'>oblectet.</span> <span class='ocrx_word' id='word_1_96' title='bbox 1155 2097 1239 2188; x_wconf 88' lang='lat' dir='ltr'>Quo</span> <span class='ocrx_word' id='word_1_97' title='bbox 1264 2090 1306 2166; x_wconf 88' lang='lat' dir='ltr'>fit</span> <span class='ocrx_word' id='word_1_98' title='bbox 1321 2114 1331 2166; x_wconf 91' lang='lat'>:</span> <span class='ocrx_word' id='word_1_99' title='bbox 1347 2105 1385 2164; x_wconf 88' lang='lat' dir='ltr'>ur</span> <span class='ocrx_word' id='word_1_100' title='bbox 1410 2109 1501 2164; x_wconf 77' lang='lat' dir='ltr'>mere</span> <span class='ocrx_word' id='word_1_101' title='bbox 1525 2083 1745 2174; x_wconf 80' lang='lat' dir='ltr'>trajiciatur.</span> <span class='ocrx_word' id='word_1_102' title='bbox 1768 2089 1861 2184; x_wconf 80' lang='lat' dir='ltr'>Quae</span> <span class='ocrx_word' id='word_1_103' title='bbox 1885 2087 2039 2184; x_wconf 75' lang='lat' dir='ltr'>pericula</span> <span class='ocrx_word' id='word_1_104' title='bbox 2065 2087 2209 2169; x_wconf 87' lang='lat' dir='ltr'>subeant</span> <span class='ocrx_word' id='word_1_105' title='bbox 2233 2111 2471 2172; x_wconf 75' lang='lat' dir='ltr'>mercatores:</span> 
     </span>
     <span class='ocr_line' id='line_1_11' title="bbox 840 2183 2472 2302; baseline -0.002 -29"><span class='ocrx_word' id='word_1_106' title='bbox 840 2205 962 2302; x_wconf 85' lang='lat' dir='ltr'>quibus</span> <span class='ocrx_word' id='word_1_107' title='bbox 976 2193 1162 2272; x_wconf 88' lang='lat' dir='ltr'>terroribus</span> <span class='ocrx_word' id='word_1_108' title='bbox 1186 2190 1414 2289; x_wconf 87' lang='lat' dir='ltr'>percellantur</span> <span class='ocrx_word' id='word_1_109' title='bbox 1429 2211 1442 2260; x_wconf 94' lang='lat'>:</span> <span class='ocrx_word' id='word_1_110' title='bbox 1456 2207 1532 2282; x_wconf 76' lang='lat' dir='ltr'>que</span> <span class='ocrx_word' id='word_1_111' title='bbox 1546 2200 1629 2260; x_wconf 84' lang='lat' dir='ltr'>sota</span> <span class='ocrx_word' id='word_1_112' title='bbox 1653 2184 1860 2282; x_wconf 88' lang='lat' dir='ltr'>suscipiant:</span> <span class='ocrx_word' id='word_1_113' title='bbox 1884 2187 1973 2260; x_wconf 87' lang='lat' dir='ltr'>haud</span> <span class='ocrx_word' id='word_1_114' title='bbox 1988 2183 2156 2264; x_wconf 76' lang='lat' dir='ltr'>celerem.</span> <span class='ocrx_word' id='word_1_115' title='bbox 2181 2190 2472 2274; x_wconf 69' lang='lat' dir='ltr'>sternacium</span> 
     </span>
     <span class='ocr_line' id='line_1_12' title="bbox 838 2283 2474 2390; baseline 0.007 -35"><span class='ocrx_word' id='word_1_116' title='bbox 838 2301 985 2386; x_wconf 58' lang='lat'>01211012</span> <span class='ocrx_word' id='word_1_117' title='bbox 1002 2300 1133 2372; x_wconf 71' lang='lat' dir='ltr'>,poeta</span> <span class='ocrx_word' id='word_1_118' title='bbox 1148 2293 1423 2390; x_wconf 78' lang='lat' dir='ltr'>ingeniosusquo</span> <span class='ocrx_word' id='word_1_119' title='bbox 1448 2283 1560 2380; x_wconf 87' lang='lat' dir='ltr'>inquit</span> <span class='ocrx_word' id='word_1_120' title='bbox 1585 2283 1700 2359; x_wconf 88' lang='lat' dir='ltr'>animo</span> <span class='ocrx_word' id='word_1_121' title='bbox 1726 2301 1844 2362; x_wconf 87' lang='lat' dir='ltr'>nautas</span> <span class='ocrx_word' id='word_1_122' title='bbox 1867 2306 1940 2361; x_wconf 89' lang='lat' dir='ltr'>esse</span> <span class='ocrx_word' id='word_1_123' title='bbox 1965 2286 2164 2364; x_wconf 78' lang='lat' dir='ltr'>arbitremur</span> <span class='ocrx_word' id='word_1_124' title='bbox 2179 2315 2191 2366; x_wconf 95' lang='lat'>:</span> <span class='ocrx_word' id='word_1_125' title='bbox 2205 2313 2283 2366; x_wconf 90' lang='lat' dir='ltr'>cum</span> <span class='ocrx_word' id='word_1_126' title='bbox 2297 2315 2393 2370; x_wconf 91' lang='lat' dir='ltr'>mare</span> <span class='ocrx_word' id='word_1_127' title='bbox 2418 2292 2474 2366; x_wconf 84' lang='lat' dir='ltr'>in-</span> 
     </span>
     <span class='ocr_line' id='line_1_13' title="bbox 837 2382 2471 2496; baseline -0.002 -20"><span class='ocrx_word' id='word_1_128' title='bbox 837 2395 1028 2488; x_wconf 81' lang='lat' dir='ltr'>horrescit.</span> <span class='ocrx_word' id='word_1_129' title='bbox 1051 2393 1200 2472; x_wconf 78' lang='lat' dir='ltr'>tenebre</span> <span class='ocrx_word' id='word_1_130' title='bbox 1223 2388 1534 2490; x_wconf 85' lang='lat' dir='ltr'>conduplicantur;</span> <span class='ocrx_word' id='word_1_131' title='bbox 1556 2382 1737 2494; x_wconf 80' lang='lat' dir='ltr'>noctisque</span> <span class='ocrx_word' id='word_1_132' title='bbox 1759 2403 1798 2466; x_wconf 87' lang='lat' dir='ltr'>et</span> <span class='ocrx_word' id='word_1_133' title='bbox 1821 2384 2013 2472; x_wconf 77' lang='lat' dir='ltr'>nimborum</span> <span class='ocrx_word' id='word_1_134' title='bbox 2037 2408 2179 2470; x_wconf 82' lang='lat' dir='ltr'>oececet</span> <span class='ocrx_word' id='word_1_135' title='bbox 2202 2395 2343 2496; x_wconf 87' lang='lat' dir='ltr'>nigror:</span> <span class='ocrx_word' id='word_1_136' title='bbox 2369 2393 2471 2471; x_wconf 76' lang='lat' dir='ltr'>llam·</span> 
     </span>
    </p>
   </div>
   <div class='ocr_carea' id='block_1_3' title="bbox 841 2491 2596 2597">
    <p class='ocr_par' dir='ltr' id='par_1_3' title="bbox 841 2491 2596 2597">
     <span class='ocr_line' id='line_1_14' title="bbox 841 2491 2596 2597; baseline -0.009 -13"><span class='ocrx_word' id='word_1_137' title='bbox 841 2528 903 2584; x_wconf 86' lang='lat' dir='ltr'>mr</span> <span class='ocrx_word' id='word_1_138' title='bbox 927 2503 1017 2575; x_wconf 88' lang='lat' dir='ltr'>iuter</span> <span class='ocrx_word' id='word_1_139' title='bbox 1050 2495 1154 2574; x_wconf 90' lang='lat' dir='ltr'>nubes</span> <span class='ocrx_word' id='word_1_140' title='bbox 1179 2510 1382 2574; x_wconf 82' lang='lat' dir='ltr'>conuscat:</span> <span class='ocrx_word' id='word_1_141' title='bbox 1407 2493 1531 2573; x_wconf 85' lang='lat' dir='ltr'>coelum</span> <span class='ocrx_word' id='word_1_142' title='bbox 1557 2491 1685 2572; x_wconf 82' lang='lat' dir='ltr'>tonitru</span> <span class='ocrx_word' id='word_1_143' title='bbox 1712 2497 1921 2576; x_wconf 87' lang='lat' dir='ltr'>contremit:</span> <span class='ocrx_word' id='word_1_144' title='bbox 1944 2495 2077 2597; x_wconf 83' lang='lat' dir='ltr'>grando</span> <span class='ocrx_word' id='word_1_145' title='bbox 2100 2497 2204 2574; x_wconf 85' lang='lat' dir='ltr'>mista</span> <span class='ocrx_word' id='word_1_146' title='bbox 2226 2497 2326 2573; x_wconf 87' lang='lat' dir='ltr'>imbri</span> <span class='ocrx_word' id='word_1_147' title='bbox 2351 2496 2471 2596; x_wconf 83' lang='lat' dir='ltr'>praeci·</span> <span class='ocrx_word' id='word_1_148' title='bbox 2595 2510 2596 2553; x_wconf 58' lang='lat' dir='ltr'>t</span> 
     </span>
    </p>
   </div>
   <div class='ocr_carea' id='block_1_4' title="bbox 839 2595 2596 2702">
    <p class='ocr_par' dir='ltr' id='par_1_4' title="bbox 839 2595 2596 2702">
     <span class='ocr_line' id='line_1_15' title="bbox 839 2595 2596 2702; baseline -0.006 -23"><span class='ocrx_word' id='word_1_149' title='bbox 839 2603 956 2702; x_wconf 80' lang='lat' dir='ltr'>pitens</span> <span class='ocrx_word' id='word_1_150' title='bbox 979 2595 1097 2674; x_wconf 88' lang='lat' dir='ltr'>eadit:</span> <span class='ocrx_word' id='word_1_151' title='bbox 1115 2597 1263 2694; x_wconf 92' lang='lat' dir='ltr'>undique</span> <span class='ocrx_word' id='word_1_152' title='bbox 1289 2617 1408 2673; x_wconf 91' lang='lat' dir='ltr'>omnes</span> <span class='ocrx_word' id='word_1_153' title='bbox 1434 2597 1529 2673; x_wconf 85' lang='lat' dir='ltr'>uenti</span> <span class='ocrx_word' id='word_1_154' title='bbox 1554 2609 1740 2694; x_wconf 87' lang='lat' dir='ltr'>erumpunt</span> <span class='ocrx_word' id='word_1_155' title='bbox 1764 2599 1842 2677; x_wconf 75' lang='lat' dir='ltr'>sesi</span> <span class='ocrx_word' id='word_1_156' title='bbox 1866 2599 2024 2676; x_wconf 83' lang='lat' dir='ltr'>existunt</span> <span class='ocrx_word' id='word_1_157' title='bbox 2048 2598 2221 2674; x_wconf 84' lang='lat' dir='ltr'>turbines:</span> <span class='ocrx_word' id='word_1_158' title='bbox 2239 2617 2353 2675; x_wconf 90' lang='lat' dir='ltr'>totum</span> <span class='ocrx_word' id='word_1_159' title='bbox 2381 2618 2471 2675; x_wconf 87' lang='lat' dir='ltr'>aestu</span> <span class='ocrx_word' id='word_1_160' title='bbox 2595 2610 2596 2649; x_wconf 54' lang='grc' dir='ltr'><strong>ι</strong></span> 
     </span>
    </p>
   </div>
   <div class='ocr_carea' id='block_1_5' title="bbox 840 2695 2472 2994">
    <p class='ocr_par' dir='ltr' id='par_1_5' title="bbox 840 2695 2472 2994">
     <span class='ocr_line' id='line_1_16' title="bbox 840 2695 2471 2798; baseline -0.006 -18"><span class='ocrx_word' id='word_1_161' title='bbox 840 2699 954 2780; x_wconf 78' lang='lat' dir='ltr'>seruet</span> <span class='ocrx_word' id='word_1_162' title='bbox 980 2697 1143 2798; x_wconf 87' lang='lat' dir='ltr'>pelagus.</span> <span class='ocrx_word' id='word_1_163' title='bbox 1170 2695 1411 2772; x_wconf 83' lang='lat' dir='ltr'>inumerabiles</span> <span class='ocrx_word' id='word_1_164' title='bbox 1437 2698 1522 2771; x_wconf 79' lang='lat' dir='ltr'>meri</span> <span class='ocrx_word' id='word_1_165' title='bbox 1547 2696 1694 2792; x_wconf 81' lang='lat' dir='ltr'>absorpti</span> <span class='ocrx_word' id='word_1_166' title='bbox 1718 2714 1819 2774; x_wconf 89' lang='lat' dir='ltr'>sunt:</span> <span class='ocrx_word' id='word_1_167' title='bbox 1846 2715 1886 2774; x_wconf 92' lang='lat' dir='ltr'>ut</span> <span class='ocrx_word' id='word_1_168' title='bbox 1913 2723 1984 2775; x_wconf 91' lang='lat' dir='ltr'>non</span> <span class='ocrx_word' id='word_1_169' title='bbox 2009 2697 2184 2773; x_wconf 90' lang='lat' dir='ltr'>immerito</span> <span class='ocrx_word' id='word_1_170' title='bbox 2208 2697 2305 2773; x_wconf 82' lang='lat' dir='ltr'>Plato</span> <span class='ocrx_word' id='word_1_171' title='bbox 2320 2697 2377 2772; x_wconf 90' lang='lat' dir='ltr'>ille</span> <span class='ocrx_word' id='word_1_172' title='bbox 2392 2698 2471 2792; x_wconf 89' lang='lat' dir='ltr'>ipse</span> 
     </span>
     <span class='ocr_line' id='line_1_17' title="bbox 840 2795 2471 2894; baseline -0.005 -16"><span class='ocrx_word' id='word_1_173' title='bbox 840 2797 1029 2894; x_wconf 72' lang='lat' dir='ltr'>discipline</span> <span class='ocrx_word' id='word_1_174' title='bbox 1052 2797 1257 2874; x_wconf 79' lang='lat' dir='ltr'>academice</span> <span class='ocrx_word' id='word_1_175' title='bbox 1281 2795 1440 2892; x_wconf 89' lang='lat' dir='ltr'>princeps</span> <span class='ocrx_word' id='word_1_176' title='bbox 1455 2820 1516 2873; x_wconf 89' lang='lat' dir='ltr'>eos</span> <span class='ocrx_word' id='word_1_177' title='bbox 1528 2819 1542 2871; x_wconf 92' lang='lat'>:</span> <span class='ocrx_word' id='word_1_178' title='bbox 1555 2798 1612 2893; x_wconf 93' lang='lat' dir='ltr'>qui</span> <span class='ocrx_word' id='word_1_179' title='bbox 1626 2795 1706 2873; x_wconf 85' lang='lat' dir='ltr'>nari</span> <span class='ocrx_word' id='word_1_180' title='bbox 1719 2798 1810 2873; x_wconf 87' lang='lat' dir='ltr'>inter</span> <span class='ocrx_word' id='word_1_181' title='bbox 1820 2795 1952 2873; x_wconf 80' lang='lat' dir='ltr'>faciunt</span> <span class='ocrx_word' id='word_1_182' title='bbox 1967 2824 1981 2874; x_wconf 92' lang='lat'>:</span> <span class='ocrx_word' id='word_1_183' title='bbox 1996 2821 2060 2874; x_wconf 87' lang='lat' dir='ltr'>nee</span> <span class='ocrx_word' id='word_1_184' title='bbox 2084 2814 2241 2872; x_wconf 90' lang='lat' dir='ltr'>mortuos</span> <span class='ocrx_word' id='word_1_185' title='bbox 2260 2818 2353 2884; x_wconf 81' lang='lat' dir='ltr'>,nen</span> <span class='ocrx_word' id='word_1_186' title='bbox 2367 2799 2471 2870; x_wconf 84' lang='lat' dir='ltr'>uiuos</span> 
     </span>
     <span class='ocr_line' id='line_1_18' title="bbox 842 2892 2472 2994; baseline -0.004 -20"><span class='ocrx_word' id='word_1_187' title='bbox 842 2921 918 2978; x_wconf 82' lang='lat' dir='ltr'>esse</span> <span class='ocrx_word' id='word_1_188' title='bbox 945 2897 1149 2972; x_wconf 79' lang='lat' dir='ltr'>arbitretur.</span> <span class='ocrx_word' id='word_1_189' title='bbox 1177 2894 1458 2994; x_wconf 78' lang='lat' dir='ltr'>Agriculturam.</span> <span class='ocrx_word' id='word_1_190' title='bbox 1486 2896 1542 2972; x_wconf 89' lang='grc' dir='ltr'>Μ.</span> <span class='ocrx_word' id='word_1_191' title='bbox 1566 2897 1661 2971; x_wconf 92' lang='lat' dir='ltr'>Cato</span> <span class='ocrx_word' id='word_1_192' title='bbox 1685 2910 1723 2973; x_wconf 92' lang='lat' dir='ltr'>et</span> <span class='ocrx_word' id='word_1_193' title='bbox 1750 2897 1804 2970; x_wconf 89' lang='grc' dir='ltr'>Μ.</span> <span class='ocrx_word' id='word_1_194' title='bbox 1830 2898 1956 2974; x_wconf 84' lang='lat' dir='ltr'>Cicero</span> <span class='ocrx_word' id='word_1_195' title='bbox 1979 2897 2116 2972; x_wconf 87' lang='lat' dir='ltr'>summis</span> <span class='ocrx_word' id='word_1_196' title='bbox 2141 2898 2185 2970; x_wconf 83' lang='lat' dir='ltr'>ed</span> <span class='ocrx_word' id='word_1_197' title='bbox 2210 2892 2345 2973; x_wconf 87' lang='lat' dir='ltr'>coelum</span> <span class='ocrx_word' id='word_1_198' title='bbox 2360 2893 2472 2970; x_wconf 80' lang='lat' dir='ltr'>leudi·</span> 
     </span>
    </p>
   </div>
   <div class='ocr_carea' id='block_1_6' title="bbox 841 2990 2596 3095">
    <p class='ocr_par' dir='ltr' id='par_1_6' title="bbox 841 2990 2596 3095">
     <span class='ocr_line' id='line_1_19' title="bbox 841 2990 2596 3095; baseline -0.005 -18"><span class='ocrx_word' id='word_1_199' title='bbox 841 3001 905 3077; x_wconf 89' lang='lat' dir='ltr'>bus</span> <span class='ocrx_word' id='word_1_200' title='bbox 930 2991 1102 3072; x_wconf 79' lang='lat' dir='ltr'>efferunt.</span> <span class='ocrx_word' id='word_1_201' title='bbox 1129 2993 1209 3069; x_wconf 89' lang='lat' dir='ltr'>Nec</span> <span class='ocrx_word' id='word_1_202' title='bbox 1233 2990 1352 3083; x_wconf 79' lang='lat' dir='ltr'>injurie</span> <span class='ocrx_word' id='word_1_203' title='bbox 1379 2991 1538 3092; x_wconf 84' lang='lat' dir='ltr'>quidem:</span> <span class='ocrx_word' id='word_1_204' title='bbox 1563 2995 1705 3094; x_wconf 81' lang='lat' dir='ltr'>Quippe</span> <span class='ocrx_word' id='word_1_205' title='bbox 1743 2995 1931 3073; x_wconf 86' lang='lat' dir='ltr'>doctissimi</span> <span class='ocrx_word' id='word_1_206' title='bbox 1954 3017 1995 3070; x_wconf 88' lang='lat' dir='ltr'>ae</span> <span class='ocrx_word' id='word_1_207' title='bbox 2020 2994 2256 3092; x_wconf 85' lang='lat' dir='ltr'>sapientissimi</span> <span class='ocrx_word' id='word_1_208' title='bbox 2297 2993 2361 3070; x_wconf 87' lang='lat' dir='ltr'>viri</span> <span class='ocrx_word' id='word_1_209' title='bbox 2401 2990 2471 3082; x_wconf 87' lang='lat' dir='ltr'>ejus</span> <span class='ocrx_word' id='word_1_210' title='bbox 2595 3036 2596 3095; x_wconf 43' lang='grc' dir='ltr'><strong>ι</strong></span> 
     </span>
    </p>
   </div>
   <div class='ocr_carea' id='block_1_7' title="bbox 793 3091 2472 4187">
    <p class='ocr_par' dir='ltr' id='par_1_7' title="bbox 835 3091 2472 3692">
     <span class='ocr_line' id='line_1_20' title="bbox 838 3091 2472 3194; baseline -0.004 -17"><span class='ocrx_word' id='word_1_211' title='bbox 838 3096 952 3177; x_wconf 78' lang='lat' dir='ltr'>nudo</span> <span class='ocrx_word' id='word_1_212' title='bbox 976 3097 1200 3172; x_wconf 79' lang='lat' dir='ltr'>vehementer</span> <span class='ocrx_word' id='word_1_213' title='bbox 1225 3091 1350 3170; x_wconf 91' lang='lat' dir='ltr'>incensi</span> <span class='ocrx_word' id='word_1_214' title='bbox 1376 3110 1471 3168; x_wconf 90' lang='lat' dir='ltr'>sunt.</span> <span class='ocrx_word' id='word_1_215' title='bbox 1497 3093 1659 3170; x_wconf 82' lang='lat' dir='ltr'>Testatur</span> <span class='ocrx_word' id='word_1_216' title='bbox 1682 3096 1750 3169; x_wconf 86' lang='lat' dir='ltr'>boc</span> <span class='ocrx_word' id='word_1_217' title='bbox 1775 3095 1918 3172; x_wconf 78' lang='lat' dir='ltr'>Attilius</span> <span class='ocrx_word' id='word_1_218' title='bbox 1943 3095 2114 3172; x_wconf 83' lang='lat' dir='ltr'>Serenus:</span> <span class='ocrx_word' id='word_1_219' title='bbox 2131 3095 2189 3194; x_wconf 93' lang='lat' dir='ltr'>qui</span> <span class='ocrx_word' id='word_1_220' title='bbox 2213 3115 2295 3168; x_wconf 92' lang='lat' dir='ltr'>eum</span> <span class='ocrx_word' id='word_1_221' title='bbox 2320 3115 2381 3170; x_wconf 90' lang='lat' dir='ltr'>sua</span> <span class='ocrx_word' id='word_1_222' title='bbox 2397 3115 2472 3170; x_wconf 88' lang='lat' dir='ltr'>ma·</span> 
     </span>
     <span class='ocr_line' id='line_1_21' title="bbox 838 3189 2470 3296; baseline -0.004 -21"><span class='ocrx_word' id='word_1_223' title='bbox 838 3220 887 3275; x_wconf 90' lang='lat' dir='ltr'>nu</span> <span class='ocrx_word' id='word_1_224' title='bbox 912 3215 1029 3272; x_wconf 89' lang='lat' dir='ltr'>semen</span> <span class='ocrx_word' id='word_1_225' title='bbox 1056 3211 1232 3292; x_wconf 85' lang='lat' dir='ltr'>spargeret</span> <span class='ocrx_word' id='word_1_226' title='bbox 1255 3189 1375 3270; x_wconf 90' lang='lat' dir='ltr'>consul</span> <span class='ocrx_word' id='word_1_227' title='bbox 1400 3210 1534 3268; x_wconf 90' lang='lat' dir='ltr'>creatus</span> <span class='ocrx_word' id='word_1_228' title='bbox 1558 3209 1632 3270; x_wconf 89' lang='lat' dir='ltr'>est:</span> <span class='ocrx_word' id='word_1_229' title='bbox 1658 3195 1784 3270; x_wconf 90' lang='lat' dir='ltr'>Verum</span> <span class='ocrx_word' id='word_1_230' title='bbox 1808 3213 1926 3272; x_wconf 79' lang='lat' dir='ltr'>temen</span> <span class='ocrx_word' id='word_1_231' title='bbox 1941 3192 2112 3294; x_wconf 68' lang='lat' dir='ltr'>Agricola</span> <span class='ocrx_word' id='word_1_232' title='bbox 2137 3195 2332 3296; x_wconf 83' lang='lat' dir='ltr'>gravissima</span> <span class='ocrx_word' id='word_1_233' title='bbox 2357 3190 2470 3269; x_wconf 82' lang='lat' dir='ltr'>vulne·</span> 
     </span>
     <span class='ocr_line' id='line_1_22' title="bbox 835 3290 2470 3392; baseline 0 -24"><span class='ocrx_word' id='word_1_234' title='bbox 835 3319 877 3378; x_wconf 76' lang='lat' dir='ltr'>ra</span> <span class='ocrx_word' id='word_1_235' title='bbox 902 3293 1103 3392; x_wconf 86' lang='lat' dir='ltr'>plerumque</span> <span class='ocrx_word' id='word_1_236' title='bbox 1128 3291 1321 3389; x_wconf 86' lang='lat' dir='ltr'>accipiunt:</span> <span class='ocrx_word' id='word_1_237' title='bbox 1344 3313 1424 3367; x_wconf 87' lang='lat' dir='ltr'>cum</span> <span class='ocrx_word' id='word_1_238' title='bbox 1449 3290 1503 3370; x_wconf 85' lang='lat' dir='ltr'>vel</span> <span class='ocrx_word' id='word_1_239' title='bbox 1526 3291 1718 3371; x_wconf 81' lang='lat' dir='ltr'>siccitatem</span> <span class='ocrx_word' id='word_1_240' title='bbox 1733 3342 1746 3386; x_wconf 74' lang='lat' dir='ltr'>r</span> <span class='ocrx_word' id='word_1_241' title='bbox 1761 3294 1817 3370; x_wconf 85' lang='lat' dir='ltr'>sel</span> <span class='ocrx_word' id='word_1_242' title='bbox 1830 3295 2064 3386; x_wconf 84' lang='lat' dir='ltr'>imbrem,&#39;rel</span> <span class='ocrx_word' id='word_1_243' title='bbox 2089 3293 2240 3371; x_wconf 84' lang='lat' dir='ltr'>calorem</span> <span class='ocrx_word' id='word_1_244' title='bbox 2271 3291 2470 3391; x_wconf 71' lang='lat' dir='ltr'>deplorent:</span> 
     </span>
     <span class='ocr_line' id='line_1_23' title="bbox 839 3391 2470 3494; baseline -0.002 -21"><span class='ocrx_word' id='word_1_245' title='bbox 839 3396 1019 3492; x_wconf 84' lang='lat' dir='ltr'>dissipatur</span> <span class='ocrx_word' id='word_1_246' title='bbox 1042 3415 1300 3489; x_wconf 88' lang='lat' dir='ltr'>nonnumquam</span> <span class='ocrx_word' id='word_1_247' title='bbox 1326 3391 1487 3490; x_wconf 89' lang='lat' dir='ltr'>quicquid</span> <span class='ocrx_word' id='word_1_248' title='bbox 1511 3391 1547 3467; x_wconf 94' lang='lat' dir='ltr'>in</span> <span class='ocrx_word' id='word_1_249' title='bbox 1572 3397 1661 3492; x_wconf 89' lang='lat' dir='ltr'>agris</span> <span class='ocrx_word' id='word_1_250' title='bbox 1674 3393 1871 3470; x_wconf 88' lang='lat' dir='ltr'>continetur‘</span> <span class='ocrx_word' id='word_1_251' title='bbox 1885 3395 1918 3474; x_wconf 87' lang='lat' dir='ltr'>vi</span> <span class='ocrx_word' id='word_1_252' title='bbox 1932 3395 2104 3494; x_wconf 89' lang='lat' dir='ltr'>grandinis</span> <span class='ocrx_word' id='word_1_253' title='bbox 2121 3444 2132 3467; x_wconf 93' lang='lat'>.</span> <span class='ocrx_word' id='word_1_254' title='bbox 2147 3394 2199 3470; x_wconf 81' lang='lat' dir='ltr'>Es</span> <span class='ocrx_word' id='word_1_255' title='bbox 2213 3412 2285 3492; x_wconf 88' lang='lat' dir='ltr'>quo</span> <span class='ocrx_word' id='word_1_256' title='bbox 2298 3395 2342 3469; x_wconf 90' lang='lat' dir='ltr'>ad</span> <span class='ocrx_word' id='word_1_257' title='bbox 2355 3409 2470 3470; x_wconf 87' lang='lat' dir='ltr'>extre·</span> 
     </span>
     <span class='ocr_line' id='line_1_24' title="bbox 839 3487 2470 3591; baseline -0.001 -19"><span class='ocrx_word' id='word_1_258' title='bbox 839 3516 932 3572; x_wconf 91' lang='lat' dir='ltr'>mam</span> <span class='ocrx_word' id='word_1_259' title='bbox 957 3494 1174 3569; x_wconf 88' lang='lat' dir='ltr'>mendicandi</span> <span class='ocrx_word' id='word_1_260' title='bbox 1199 3487 1438 3569; x_wconf 86' lang='lat' dir='ltr'>necessitatem</span> <span class='ocrx_word' id='word_1_261' title='bbox 1463 3491 1621 3585; x_wconf 82' lang='lat' dir='ltr'>ducitur,</span> <span class='ocrx_word' id='word_1_262' title='bbox 1645 3508 1682 3570; x_wconf 92' lang='lat' dir='ltr'>et</span> <span class='ocrx_word' id='word_1_263' title='bbox 1706 3492 1811 3570; x_wconf 87' lang='lat' dir='ltr'>vitam</span> <span class='ocrx_word' id='word_1_264' title='bbox 1838 3495 2003 3590; x_wconf 77' lang='lat' dir='ltr'>precibus</span> <span class='ocrx_word' id='word_1_265' title='bbox 2028 3493 2184 3591; x_wconf 83' lang='lat' dir='ltr'>exposcit</span> <span class='ocrx_word' id='word_1_266' title='bbox 2198 3542 2209 3566; x_wconf 92' lang='lat'>.</span> <span class='ocrx_word' id='word_1_267' title='bbox 2225 3491 2335 3571; x_wconf 82' lang='lat' dir='ltr'>Video</span> <span class='ocrx_word' id='word_1_268' title='bbox 2360 3515 2470 3591; x_wconf 81' lang='lat' dir='ltr'>quen·</span> 
     </span>
     <span class='ocr_line' id='line_1_25' title="bbox 840 3588 2174 3692; baseline -0.002 -22"><span class='ocrx_word' id='word_1_269' title='bbox 840 3609 916 3670; x_wconf 90' lang='lat' dir='ltr'>rum</span> <span class='ocrx_word' id='word_1_270' title='bbox 940 3589 1067 3668; x_wconf 92' lang='lat' dir='ltr'>bellum</span> <span class='ocrx_word' id='word_1_271' title='bbox 1096 3588 1179 3666; x_wconf 90' lang='lat' dir='ltr'>mihi</span> <span class='ocrx_word' id='word_1_272' title='bbox 1204 3588 1380 3665; x_wconf 81' lang='lat' dir='ltr'>concitem</span> <span class='ocrx_word' id='word_1_273' title='bbox 1399 3614 1411 3666; x_wconf 96' lang='lat'>:</span> <span class='ocrx_word' id='word_1_274' title='bbox 1433 3588 1462 3664; x_wconf 90' lang='lat' dir='ltr'>si</span> <span class='ocrx_word' id='word_1_275' title='bbox 1485 3593 1530 3668; x_wconf 86' lang='lat' dir='ltr'>de&#39;</span> <span class='ocrx_word' id='word_1_276' title='bbox 1554 3591 1747 3669; x_wconf 81' lang='lat' dir='ltr'>litteremm</span> <span class='ocrx_word' id='word_1_277' title='bbox 1770 3593 1939 3692; x_wconf 90' lang='lat' dir='ltr'>dignitate</span> <span class='ocrx_word' id='word_1_278' title='bbox 1962 3595 2174 3672; x_wconf 84' lang='lat' dir='ltr'>detraxero.</span> 
     </span>
    </p>

    <p class='ocr_par' dir='ltr' id='par_1_8' title="bbox 793 3686 2472 4093">
     <span class='ocr_line' id='line_1_26' title="bbox 793 3686 2470 3774; baseline -0.002 0"><span class='ocrx_word' id='word_1_279' title='bbox 793 3693 974 3774; x_wconf 75' lang='lat' dir='ltr'>Pulchrum</span> <span class='ocrx_word' id='word_1_280' title='bbox 1000 3707 1051 3766; x_wconf 89' lang='lat' dir='ltr'>est</span> <span class='ocrx_word' id='word_1_281' title='bbox 1076 3687 1148 3766; x_wconf 81' lang='lat' dir='ltr'>eliis</span> <span class='ocrx_word' id='word_1_282' title='bbox 1170 3686 1359 3765; x_wconf 83' lang='lat' dir='ltr'>litterarum</span> <span class='ocrx_word' id='word_1_283' title='bbox 1384 3689 1501 3765; x_wconf 86' lang='lat' dir='ltr'>studiis</span> <span class='ocrx_word' id='word_1_284' title='bbox 1525 3691 1763 3768; x_wconf 85' lang='lat' dir='ltr'>antecellere.</span> <span class='ocrx_word' id='word_1_285' title='bbox 1786 3690 1965 3768; x_wconf 79' lang='lat' dir='ltr'>Pulchrum</span> <span class='ocrx_word' id='word_1_286' title='bbox 1999 3709 2053 3772; x_wconf 85' lang='lat' dir='ltr'>est</span> <span class='ocrx_word' id='word_1_287' title='bbox 2091 3714 2196 3770; x_wconf 87' lang='lat' dir='ltr'>unum</span> <span class='ocrx_word' id='word_1_288' title='bbox 2228 3691 2370 3772; x_wconf 79' lang='lat' dir='ltr'>existere</span> <span class='ocrx_word' id='word_1_289' title='bbox 2406 3716 2470 3770; x_wconf 86' lang='lat' dir='ltr'>eu·</span> 
     </span>
     <span class='ocr_line' id='line_1_27' title="bbox 836 3786 2469 3872; baseline -0.001 -1"><span class='ocrx_word' id='word_1_290' title='bbox 836 3799 888 3871; x_wconf 86' lang='lat' dir='ltr'>ius</span> <span class='ocrx_word' id='word_1_291' title='bbox 927 3790 1104 3867; x_wconf 87' lang='lat' dir='ltr'>seientiam</span> <span class='ocrx_word' id='word_1_292' title='bbox 1140 3811 1260 3866; x_wconf 88' lang='lat' dir='ltr'>omnes</span> <span class='ocrx_word' id='word_1_293' title='bbox 1299 3786 1533 3865; x_wconf 86' lang='lat' dir='ltr'>admirentur.</span> <span class='ocrx_word' id='word_1_294' title='bbox 1569 3789 1749 3867; x_wconf 83' lang='lat' dir='ltr'>Pulchrum</span> <span class='ocrx_word' id='word_1_295' title='bbox 1783 3808 1839 3868; x_wconf 82' lang='lat' dir='ltr'>est</span> <span class='ocrx_word' id='word_1_296' title='bbox 1874 3792 1997 3870; x_wconf 87' lang='lat' dir='ltr'>intueri</span> <span class='ocrx_word' id='word_1_297' title='bbox 2038 3794 2214 3872; x_wconf 86' lang='lat' dir='ltr'>hominem</span> <span class='ocrx_word' id='word_1_298' title='bbox 2255 3815 2299 3869; x_wconf 89' lang='lat' dir='ltr'>ea</span> <span class='ocrx_word' id='word_1_299' title='bbox 2338 3794 2469 3870; x_wconf 89' lang='lat' dir='ltr'>doetri-</span> 
     </span>
     <span class='ocr_line' id='line_1_28' title="bbox 837 3885 2472 4093; baseline -0.002 -24"><span class='ocrx_word' id='word_1_300' title='bbox 837 3885 1958 4087; x_wconf 46' lang='lat' dir='ltr'>briei&amp;riserit..i¹”2&#39;:lie:ir⁰rif..²⁶i¹.lrlr.ii⁶</span> <span class='ocrx_word' id='word_1_301' title='bbox 1981 3892 2472 4093; x_wconf 49' lang='lat' dir='ltr'>resilieritis:</span> 
     </span>
    </p>

    <p class='ocr_par' dir='ltr' id='par_1_9' title="bbox 834 4033 2472 4187">
     <span class='ocr_line' id='line_1_29' title="bbox 1021 4033 1956 4078; baseline 0.003 -14"><span class='ocrx_word' id='word_1_302' title='bbox 1021 4043 1032 4064; x_wconf 80' lang='grc' dir='ltr'><strong>ο</strong></span> <span class='ocrx_word' id='word_1_303' title='bbox 1544 4033 1556 4078; x_wconf 66' lang='lat'><em>2</em></span> <span class='ocrx_word' id='word_1_304' title='bbox 1943 4042 1956 4067; x_wconf 79' lang='lat' dir='ltr'>e</span> 
     </span>
     <span class='ocr_line' id='line_1_30' title="bbox 834 4083 2472 4187; baseline 0.001 -22"><span class='ocrx_word' id='word_1_305' title='bbox 834 4090 977 4166; x_wconf 81' lang='lat' dir='ltr'>maximi</span> <span class='ocrx_word' id='word_1_306' title='bbox 1001 4104 1119 4164; x_wconf 81' lang='lat' dir='ltr'>temen</span> <span class='ocrx_word' id='word_1_307' title='bbox 1144 4085 1275 4165; x_wconf 88' lang='lat' dir='ltr'>labores</span> <span class='ocrx_word' id='word_1_308' title='bbox 1299 4083 1526 4182; x_wconf 88' lang='lat' dir='ltr'>suscipiuntur</span> <span class='ocrx_word' id='word_1_309' title='bbox 1549 4109 1592 4163; x_wconf 86' lang='lat' dir='ltr'>ac</span> <span class='ocrx_word' id='word_1_310' title='bbox 1617 4087 1817 4187; x_wconf 91' lang='lat' dir='ltr'>plerumque</span> <span class='ocrx_word' id='word_1_311' title='bbox 1839 4090 1961 4169; x_wconf 90' lang='lat' dir='ltr'>morbo</span> <span class='ocrx_word' id='word_1_312' title='bbox 1998 4092 2198 4172; x_wconf 86' lang='lat' dir='ltr'>laboratur.</span> <span class='ocrx_word' id='word_1_313' title='bbox 2235 4093 2367 4167; x_wconf 87' lang='lat' dir='ltr'>Noster</span> <span class='ocrx_word' id='word_1_314' title='bbox 2407 4092 2472 4166; x_wconf 90' lang='lat' dir='ltr'>ille</span> 
     </span>
    </p>
   </div>
   <div class='ocr_carea' id='block_1_8' title="bbox 832 4184 2475 4291">
    <p class='ocr_par' dir='ltr' id='par_1_10' title="bbox 832 4184 2475 4291">
     <span class='ocr_line' id='line_1_31' title="bbox 832 4184 2475 4291; baseline 0.001 -24"><span class='ocrx_word' id='word_1_315' title='bbox 832 4188 1023 4289; x_wconf 73' lang='lat' dir='ltr'>eporegius</span> <span class='ocrx_word' id='word_1_316' title='bbox 1047 4188 1235 4267; x_wconf 89' lang='lat' dir='ltr'>litterarum</span> <span class='ocrx_word' id='word_1_317' title='bbox 1259 4184 1412 4261; x_wconf 90' lang='lat' dir='ltr'>laborem</span> <span class='ocrx_word' id='word_1_318' title='bbox 1437 4208 1510 4263; x_wconf 92' lang='lat' dir='ltr'>esse</span> <span class='ocrx_word' id='word_1_319' title='bbox 1533 4184 1707 4287; x_wconf 77' lang='lat' dir='ltr'>affirmat:</span> <span class='ocrx_word' id='word_1_320' title='bbox 1725 4190 1783 4287; x_wconf 91' lang='lat' dir='ltr'>qui</span> <span class='ocrx_word' id='word_1_321' title='bbox 1798 4210 1936 4269; x_wconf 92' lang='lat' dir='ltr'>omnem</span> <span class='ocrx_word' id='word_1_322' title='bbox 1961 4192 2105 4291; x_wconf 86' lang='lat' dir='ltr'>gratiam</span> <span class='ocrx_word' id='word_1_323' title='bbox 2121 4211 2267 4289; x_wconf 85' lang='lat' dir='ltr'>corpore</span> <span class='ocrx_word' id='word_1_324' title='bbox 2292 4190 2475 4289; x_wconf 80' lang='lat' dir='ltr'>deterget:</span> 
     </span>
    </p>
   </div>
   <div class='ocr_carea' id='block_1_9' title="bbox 790 4283 2471 4872">
    <p class='ocr_par' dir='ltr' id='par_1_11' title="bbox 790 4283 2471 4872">
     <span class='ocr_line' id='line_1_32' title="bbox 835 4283 2404 4387; baseline 0.004 -26"><span class='ocrx_word' id='word_1_325' title='bbox 835 4288 1070 4367; x_wconf 82' lang='lat' dir='ltr'>habitudinem</span> <span class='ocrx_word' id='word_1_326' title='bbox 1093 4302 1239 4367; x_wconf 89' lang='lat' dir='ltr'>renuet:</span> <span class='ocrx_word' id='word_1_327' title='bbox 1265 4283 1618 4361; x_wconf 81' lang='lat' dir='ltr'>suerumerorbeat:</span> <span class='ocrx_word' id='word_1_328' title='bbox 1643 4284 1803 4364; x_wconf 89' lang='lat' dir='ltr'>colorem</span> <span class='ocrx_word' id='word_1_329' title='bbox 1824 4290 2013 4368; x_wconf 85' lang='lat' dir='ltr'>obliteret:</span> <span class='ocrx_word' id='word_1_330' title='bbox 2040 4292 2192 4387; x_wconf 85' lang='lat' dir='ltr'>rigorem</span> <span class='ocrx_word' id='word_1_331' title='bbox 2215 4288 2404 4367; x_wconf 84' lang='lat' dir='ltr'>debiliter.</span> 
     </span>
     <span class='ocr_line' id='line_1_33' title="bbox 790 4382 2467 4509; baseline -0.004 -44"><span class='ocrx_word' id='word_1_332' title='bbox 790 4389 875 4501; x_wconf 72' lang='lat' dir='ltr'>Age</span> <span class='ocrx_word' id='word_1_333' title='bbox 895 4408 948 4461; x_wconf 87' lang='lat' dir='ltr'>res</span> <span class='ocrx_word' id='word_1_334' title='bbox 973 4385 1129 4461; x_wconf 88' lang='lat' dir='ltr'>militaris</span> <span class='ocrx_word' id='word_1_335' title='bbox 1150 4408 1217 4460; x_wconf 90' lang='lat' dir='ltr'>nec</span> <span class='ocrx_word' id='word_1_336' title='bbox 1241 4384 1375 4459; x_wconf 89' lang='lat' dir='ltr'>miseria</span> <span class='ocrx_word' id='word_1_337' title='bbox 1399 4398 1526 4459; x_wconf 82' lang='lat' dir='ltr'>uacat.</span> <span class='ocrx_word' id='word_1_338' title='bbox 1552 4382 1645 4459; x_wconf 79' lang='lat' dir='ltr'>Nem</span> <span class='ocrx_word' id='word_1_339' title='bbox 1668 4408 1872 4487; x_wconf 80' lang='lat' dir='ltr'>quemquem</span> <span class='ocrx_word' id='word_1_340' title='bbox 1898 4388 1953 4463; x_wconf 89' lang='lat' dir='ltr'>M.</span> <span class='ocrx_word' id='word_1_341' title='bbox 1977 4386 2102 4509; x_wconf 78' lang='lat' dir='ltr'>Tullius</span> <span class='ocrx_word' id='word_1_342' title='bbox 2124 4408 2201 4464; x_wconf 85' lang='lat' dir='ltr'>eam</span> <span class='ocrx_word' id='word_1_343' title='bbox 2222 4386 2356 4499; x_wconf 63' lang='lat' dir='ltr'>ceteris</span> <span class='ocrx_word' id='word_1_344' title='bbox 2381 4407 2467 4461; x_wconf 88' lang='lat' dir='ltr'>om·</span> 
     </span>
     <span class='ocr_line' id='line_1_34' title="bbox 836 4480 2471 4673; baseline -0.003 -14"><span class='ocrx_word' id='word_1_345' title='bbox 836 4480 1598 4670; x_wconf 53' lang='lat' dir='ltr'>:reresurrseuuenr</span> <span class='ocrx_word' id='word_1_346' title='bbox 1618 4484 1786 4653; x_wconf 68' lang='lat' dir='ltr'>br:</span> <span class='ocrx_word' id='word_1_347' title='bbox 1801 4483 2471 4673; x_wconf 60' lang='grc' dir='ltr'><strong>Ἢιιῗι</strong></span> 
     </span>
     <span class='ocr_line' id='line_1_35' title="bbox 834 4667 2467 4772; baseline -0.001 -17"><span class='ocrx_word' id='word_1_348' title='bbox 834 4692 893 4755; x_wconf 86' lang='lat' dir='ltr'>rus</span> <span class='ocrx_word' id='word_1_349' title='bbox 917 4674 1176 4751; x_wconf 86' lang='lat' dir='ltr'>clarissimorum</span> <span class='ocrx_word' id='word_1_350' title='bbox 1195 4672 1446 4766; x_wconf 77' lang='lat' dir='ltr'>Imperatorum</span> <span class='ocrx_word' id='word_1_351' title='bbox 1470 4667 1621 4748; x_wconf 87' lang='lat' dir='ltr'>luerint:</span> <span class='ocrx_word' id='word_1_352' title='bbox 1646 4695 1723 4772; x_wconf 74' lang='lat' dir='ltr'>que</span> <span class='ocrx_word' id='word_1_353' title='bbox 1746 4670 1937 4749; x_wconf 76' lang='lat' dir='ltr'>discrimine</span> <span class='ocrx_word' id='word_1_354' title='bbox 1964 4674 2134 4750; x_wconf 74' lang='lat' dir='ltr'>adierint:</span> <span class='ocrx_word' id='word_1_355' title='bbox 2160 4690 2246 4770; x_wconf 90' lang='lat' dir='ltr'>quot</span> <span class='ocrx_word' id='word_1_356' title='bbox 2269 4692 2389 4753; x_wconf 85' lang='lat' dir='ltr'>noctes</span> <span class='ocrx_word' id='word_1_357' title='bbox 2412 4680 2467 4754; x_wconf 88' lang='lat' dir='ltr'>in·</span> 
     </span>
     <span class='ocr_line' id='line_1_36' title="bbox 830 4768 2467 4872; baseline -0.001 -17"><span class='ocrx_word' id='word_1_358' title='bbox 830 4796 973 4856; x_wconf 82' lang='lat' dir='ltr'>somnes</span> <span class='ocrx_word' id='word_1_359' title='bbox 997 4773 1154 4872; x_wconf 88' lang='lat' dir='ltr'>egerint:</span> <span class='ocrx_word' id='word_1_360' title='bbox 1178 4768 1359 4845; x_wconf 79' lang='lat' dir='ltr'>fatebimur</span> <span class='ocrx_word' id='word_1_361' title='bbox 1384 4770 1418 4843; x_wconf 90' lang='lat' dir='ltr'>id</span> <span class='ocrx_word' id='word_1_362' title='bbox 1441 4790 1548 4867; x_wconf 89' lang='lat' dir='ltr'>genus</span> <span class='ocrx_word' id='word_1_363' title='bbox 1571 4770 1649 4847; x_wconf 74' lang='lat' dir='ltr'>vite</span> <span class='ocrx_word' id='word_1_364' title='bbox 1672 4792 1745 4848; x_wconf 87' lang='lat' dir='ltr'>esse</span> <span class='ocrx_word' id='word_1_365' title='bbox 1767 4770 2011 4846; x_wconf 89' lang='lat' dir='ltr'>miserrimum.</span> <span class='ocrx_word' id='word_1_366' title='bbox 2027 4775 2154 4850; x_wconf 91' lang='lat' dir='ltr'>Verum</span> <span class='ocrx_word' id='word_1_367' title='bbox 2179 4791 2307 4869; x_wconf 87' lang='lat' dir='ltr'>quanta</span> <span class='ocrx_word' id='word_1_368' title='bbox 2330 4775 2377 4851; x_wconf 88' lang='lat' dir='ltr'>sit</span> <span class='ocrx_word' id='word_1_369' title='bbox 2400 4800 2467 4853; x_wconf 90' lang='lat' dir='ltr'>eo·</span> 
     </span>
    </p>
   </div>
   <div class='ocr_carea' id='block_1_10' title="bbox 2591 4241 2595 4328">
    <p class='ocr_par' dir='ltr' id='par_1_12' title="bbox 2591 4241 2595 4328">
     <span class='ocr_line' id='line_1_37' title="bbox 2591 4241 2595 4328; baseline 0 0"><span class='ocrx_word' id='word_1_370' title='bbox 2591 4241 2595 4328; x_wconf 85' lang='lat' dir='ltr'>l</span> 
     </span>
    </p>
   </div>
   <div class='ocr_carea' id='block_1_11' title="bbox 829 4866 2595 4970">
    <p class='ocr_par' dir='ltr' id='par_1_13' title="bbox 829 4866 2595 4970">
     <span class='ocr_line' id='line_1_38' title="bbox 829 4866 2595 4970; baseline 0.001 -19"><span class='ocrx_word' id='word_1_371' title='bbox 829 4898 930 4957; x_wconf 90' lang='lat' dir='ltr'>rum:</span> <span class='ocrx_word' id='word_1_372' title='bbox 956 4872 1016 4970; x_wconf 93' lang='lat' dir='ltr'>qui</span> <span class='ocrx_word' id='word_1_373' title='bbox 1040 4870 1198 4945; x_wconf 87' lang='lat' dir='ltr'>militiam</span> <span class='ocrx_word' id='word_1_374' title='bbox 1223 4866 1371 4944; x_wconf 86' lang='lat' dir='ltr'>militant</span> <span class='ocrx_word' id='word_1_375' title='bbox 1395 4869 1553 4947; x_wconf 88' lang='lat' dir='ltr'>miseria:</span> <span class='ocrx_word' id='word_1_376' title='bbox 1579 4869 1658 4944; x_wconf 89' lang='lat' dir='ltr'>hine</span> <span class='ocrx_word' id='word_1_377' title='bbox 1683 4870 1796 4947; x_wconf 86' lang='lat' dir='ltr'>scias:</span> <span class='ocrx_word' id='word_1_378' title='bbox 1816 4890 1894 4943; x_wconf 90' lang='lat' dir='ltr'>cum</span> <span class='ocrx_word' id='word_1_379' title='bbox 1931 4871 2058 4946; x_wconf 87' lang='lat' dir='ltr'>nullam</span> <span class='ocrx_word' id='word_1_380' title='bbox 2082 4872 2144 4946; x_wconf 89' lang='lat' dir='ltr'>sub</span> <span class='ocrx_word' id='word_1_381' title='bbox 2181 4872 2286 4948; x_wconf 90' lang='lat' dir='ltr'>tectis</span> <span class='ocrx_word' id='word_1_382' title='bbox 2321 4893 2464 4953; x_wconf 88' lang='lat' dir='ltr'>noctem</span> <span class='ocrx_word' id='word_1_383' title='bbox 2594 4891 2595 4896; x_wconf 70' lang='lat'>‘</span> 
     </span>
    </p>
   </div>
   <div class='ocr_carea' id='block_1_12' title="bbox 714 4964 2467 5664">
    <p class='ocr_par' dir='ltr' id='par_1_14' title="bbox 714 4964 2467 5664">
     <span class='ocr_line' id='line_1_39' title="bbox 832 4964 2465 5075; baseline 0.002 -25"><span class='ocrx_word' id='word_1_384' title='bbox 832 4988 961 5074; x_wconf 79' lang='lat' dir='ltr'>egene:</span> <span class='ocrx_word' id='word_1_385' title='bbox 988 4966 1116 5041; x_wconf 92' lang='lat' dir='ltr'>nullum</span> <span class='ocrx_word' id='word_1_386' title='bbox 1141 4964 1212 5041; x_wconf 89' lang='lat' dir='ltr'>sine</span> <span class='ocrx_word' id='word_1_387' title='bbox 1236 4968 1386 5059; x_wconf 85' lang='lat' dir='ltr'>dolore,</span> <span class='ocrx_word' id='word_1_388' title='bbox 1408 4984 1446 5044; x_wconf 89' lang='lat' dir='ltr'>et</span> <span class='ocrx_word' id='word_1_389' title='bbox 1470 4969 1622 5065; x_wconf 90' lang='lat' dir='ltr'>periculo</span> <span class='ocrx_word' id='word_1_390' title='bbox 1646 4967 1764 5051; x_wconf 83' lang='lat' dir='ltr'>diem:</span> <span class='ocrx_word' id='word_1_391' title='bbox 1787 4990 1859 5043; x_wconf 91' lang='lat' dir='ltr'>uon</span> <span class='ocrx_word' id='word_1_392' title='bbox 1882 4970 2004 5048; x_wconf 89' lang='lat' dir='ltr'>desunt</span> <span class='ocrx_word' id='word_1_393' title='bbox 2041 4972 2162 5047; x_wconf 86' lang='lat' dir='ltr'>assidui</span> <span class='ocrx_word' id='word_1_394' title='bbox 2186 4970 2329 5065; x_wconf 87' lang='lat' dir='ltr'>imbres,</span> <span class='ocrx_word' id='word_1_395' title='bbox 2352 4974 2465 5075; x_wconf 82' lang='lat' dir='ltr'>gelu,</span> 
     </span>
     <span class='ocr_line' id='line_1_40' title="bbox 832 5061 1708 5160; baseline -0.002 -13"><span class='ocrx_word' id='word_1_396' title='bbox 832 5078 893 5148; x_wconf 85' lang='lat' dir='ltr'>nis</span> <span class='ocrx_word' id='word_1_397' title='bbox 916 5081 1102 5157; x_wconf 87' lang='lat' dir='ltr'>concreta,</span> <span class='ocrx_word' id='word_1_398' title='bbox 1128 5061 1266 5159; x_wconf 84' lang='lat' dir='ltr'>fames,</span> <span class='ocrx_word' id='word_1_399' title='bbox 1291 5084 1328 5145; x_wconf 92' lang='lat' dir='ltr'>et</span> <span class='ocrx_word' id='word_1_400' title='bbox 1353 5065 1542 5147; x_wconf 85' lang='lat' dir='ltr'>lassitudo.</span> <span class='ocrx_word' id='word_1_401' title='bbox 1703 5144 1708 5160; x_wconf 78' lang='grc'>,</span> 
     </span>
     <span class='ocr_line' id='line_1_41' title="bbox 791 5166 2463 5272; baseline -0.001 -24"><span class='ocrx_word' id='word_1_402' title='bbox 791 5174 857 5253; x_wconf 73' lang='lat' dir='ltr'>Est</span> <span class='ocrx_word' id='word_1_403' title='bbox 882 5168 963 5243; x_wconf 92' lang='lat' dir='ltr'>illud</span> <span class='ocrx_word' id='word_1_404' title='bbox 989 5189 1050 5263; x_wconf 91' lang='lat' dir='ltr'>per</span> <span class='ocrx_word' id='word_1_405' title='bbox 1073 5188 1235 5267; x_wconf 87' lang='lat' dir='ltr'>magnum</span> <span class='ocrx_word' id='word_1_406' title='bbox 1259 5166 1339 5241; x_wconf 82' lang='lat' dir='ltr'>vitae</span> <span class='ocrx_word' id='word_1_407' title='bbox 1365 5168 1624 5246; x_wconf 89' lang='lat' dir='ltr'>incommodum</span> <span class='ocrx_word' id='word_1_408' title='bbox 1649 5194 1728 5247; x_wconf 89' lang='lat' dir='ltr'>eum</span> <span class='ocrx_word' id='word_1_409' title='bbox 1753 5196 1857 5251; x_wconf 91' lang='lat' dir='ltr'>omne</span> <span class='ocrx_word' id='word_1_410' title='bbox 1881 5173 1998 5253; x_wconf 82' lang='lat' dir='ltr'>sirium</span> <span class='ocrx_word' id='word_1_411' title='bbox 2022 5188 2113 5252; x_wconf 87' lang='lat' dir='ltr'>teste</span> <span class='ocrx_word' id='word_1_412' title='bbox 2150 5189 2257 5271; x_wconf 83' lang='lat' dir='ltr'>poeta</span> <span class='ocrx_word' id='word_1_413' title='bbox 2282 5172 2316 5249; x_wconf 92' lang='lat' dir='ltr'>in</span> <span class='ocrx_word' id='word_1_414' title='bbox 2342 5171 2463 5272; x_wconf 73' lang='lat' dir='ltr'>preci·</span> 
     </span>
     <span class='ocr_line' id='line_1_42' title="bbox 837 5263 2463 5444; baseline 0.001 -99"><span class='ocrx_word' id='word_1_415' title='bbox 837 5270 1016 5384; x_wconf 33' lang='lat' dir='ltr'>pitilstere</span> <span class='ocrx_word' id='word_1_416' title='bbox 1036 5266 1242 5438; x_wconf 48' lang='grc' dir='ltr'><strong>ὖὶἀειιιιιιι.</strong></span> <span class='ocrx_word' id='word_1_417' title='bbox 1267 5263 1477 5443; x_wconf 52' lang='grc' dir='ltr'><strong>ΝιιΙΙιίιιιέι</strong></span> <span class='ocrx_word' id='word_1_418' title='bbox 1497 5266 1572 5385; x_wconf 71' lang='lat' dir='ltr'>lere</span> <span class='ocrx_word' id='word_1_419' title='bbox 1598 5271 1766 5389; x_wconf 78' lang='lat' dir='ltr'>scelerum</span> <span class='ocrx_word' id='word_1_420' title='bbox 1792 5297 1941 5390; x_wconf 75' lang='lat' dir='ltr'>genera:</span> <span class='ocrx_word' id='word_1_421' title='bbox 1953 5275 2074 5391; x_wconf 80' lang='lat' dir='ltr'>quibus</span> <span class='ocrx_word' id='word_1_422' title='bbox 2089 5278 2199 5351; x_wconf 86' lang='lat' dir='ltr'>homo</span> <span class='ocrx_word' id='word_1_423' title='bbox 2218 5297 2256 5349; x_wconf 94' lang='lat' dir='ltr'>se</span> <span class='ocrx_word' id='word_1_424' title='bbox 2271 5286 2463 5444; x_wconf 83' lang='lat' dir='ltr'>lnou⁰con·</span> 
     </span>
     <span class='ocr_line' id='line_1_43' title="bbox 714 5371 2467 5572; baseline -0.001 -25"><span class='ocrx_word' id='word_1_425' title='bbox 714 5472 716 5479; x_wconf 78' lang='grc'>’</span> <span class='ocrx_word' id='word_1_426' title='bbox 835 5382 1507 5581; x_wconf 49' lang='lat' dir='ltr'>:iinrrinftsiquidirnquislirnsiiiiisirrpiiqrii¹</span> <span class='ocrx_word' id='word_1_427' title='bbox 1530 5372 2160 5572; x_wconf 46' lang='lat' dir='ltr'>iilsartndle&#39;rpiqiiiniqluffiepiiteitiiiiiriri</span> <span class='ocrx_word' id='word_1_428' title='bbox 2183 5371 2467 5564; x_wconf 49' lang='grc' dir='ltr'>Ιοῖιιῖιῖῗυιῗιζο</span> 
     </span>
     <span class='ocr_line' id='line_1_44' title="bbox 831 5562 1900 5664; baseline 0.009 -25"><span class='ocrx_word' id='word_1_429' title='bbox 831 5590 905 5647; x_wconf 84' lang='lat' dir='ltr'>rem</span> <span class='ocrx_word' id='word_1_430' title='bbox 939 5580 1057 5643; x_wconf 80' lang='lat' dir='ltr'>remen</span> <span class='ocrx_word' id='word_1_431' title='bbox 1079 5562 1181 5638; x_wconf 87' lang='lat' dir='ltr'>fidem</span> <span class='ocrx_word' id='word_1_432' title='bbox 1208 5568 1345 5643; x_wconf 79' lang='lat' dir='ltr'>canibus</span> <span class='ocrx_word' id='word_1_433' title='bbox 1370 5573 1473 5664; x_wconf 83' lang='lat' dir='ltr'>qdam</span> <span class='ocrx_word' id='word_1_434' title='bbox 1502 5568 1691 5646; x_wconf 87' lang='lat' dir='ltr'>bominibus</span> <span class='ocrx_word' id='word_1_435' title='bbox 1715 5571 1900 5649; x_wconf 83' lang='lat' dir='ltr'>habebant.</span> 
     </span>
    </p>
   </div>
   <div class='ocr_carea' id='block_1_13' title="bbox 645 5662 2483 5869">
    <p class='ocr_par' dir='ltr' id='par_1_15' title="bbox 645 5662 2483 5869">
     <span class='ocr_line' id='line_1_45' title="bbox 784 5662 2467 5772; baseline 0.003 -34"><span class='ocrx_word' id='word_1_436' title='bbox 784 5670 876 5768; x_wconf 74' lang='lat' dir='ltr'>Quis</span> <span class='ocrx_word' id='word_1_437' title='bbox 897 5664 1093 5741; x_wconf 81' lang='lat' dir='ltr'>Alexandro</span> <span class='ocrx_word' id='word_1_438' title='bbox 1118 5663 1246 5759; x_wconf 84' lang='lat' dir='ltr'>phereo</span> <span class='ocrx_word' id='word_1_439' title='bbox 1271 5662 1459 5743; x_wconf 86' lang='lat' dir='ltr'>infoelicior</span> <span class='ocrx_word' id='word_1_440' title='bbox 1472 5689 1487 5753; x_wconf 78' lang='lat' dir='ltr'>r</span> <span class='ocrx_word' id='word_1_441' title='bbox 1502 5669 1561 5762; x_wconf 93' lang='lat' dir='ltr'>qui</span> <span class='ocrx_word' id='word_1_442' title='bbox 1586 5692 1664 5744; x_wconf 88' lang='lat' dir='ltr'>cum</span> <span class='ocrx_word' id='word_1_443' title='bbox 1688 5672 1871 5746; x_wconf 86' lang='lat' dir='ltr'>adurorem</span> <span class='ocrx_word' id='word_1_444' title='bbox 1892 5672 2029 5751; x_wconf 85' lang='lat' dir='ltr'>tbebem</span> <span class='ocrx_word' id='word_1_445' title='bbox 2042 5672 2271 5749; x_wconf 88' lang='lat' dir='ltr'>incubieulum</span> <span class='ocrx_word' id='word_1_446' title='bbox 2283 5667 2467 5772; x_wconf 82' lang='lat' dir='ltr'>profectus</span> 
     </span>
     <span class='ocr_line' id='line_1_46' title="bbox 645 5762 2483 5869; baseline 0.003 -30"><span class='ocrx_word' id='word_1_447' title='bbox 645 5776 648 5782; x_wconf 86' lang='lat'>&#39;</span> <span class='ocrx_word' id='word_1_448' title='bbox 832 5779 923 5840; x_wconf 86' lang='lat' dir='ltr'>esset</span> <span class='ocrx_word' id='word_1_449' title='bbox 937 5786 948 5837; x_wconf 91' lang='lat'>:</span> <span class='ocrx_word' id='word_1_450' title='bbox 961 5764 1137 5839; x_wconf 86' lang='lat' dir='ltr'>barbamm</span> <span class='ocrx_word' id='word_1_451' title='bbox 1151 5766 1318 5859; x_wconf 89' lang='lat' dir='ltr'>quendam</span> <span class='ocrx_word' id='word_1_452' title='bbox 1335 5765 1392 5855; x_wconf 89' lang='lat' dir='ltr'>qui</span> <span class='ocrx_word' id='word_1_453' title='bbox 1407 5764 1536 5842; x_wconf 77' lang='lat' dir='ltr'>amulas</span> <span class='ocrx_word' id='word_1_454' title='bbox 1551 5762 1731 5855; x_wconf 89' lang='lat' dir='ltr'>muliebres</span> <span class='ocrx_word' id='word_1_455' title='bbox 1745 5788 1942 5849; x_wconf 80' lang='lat' dir='ltr'>scutaretur.</span> <span class='ocrx_word' id='word_1_456' title='bbox 1959 5773 2210 5869; x_wconf 77' lang='lat' dir='ltr'>preminebat:</span> <span class='ocrx_word' id='word_1_457' title='bbox 2226 5769 2435 5867; x_wconf 63' lang='lat' dir='ltr'>iubbrtque</span> <span class='ocrx_word' id='word_1_458' title='bbox 2450 5792 2483 5844; x_wconf 33' lang='lat' dir='ltr'>:v</span> 
     </span>
    </p>
   </div>
   <div class='ocr_carea' id='block_1_14' title="bbox 712 5861 2465 6565">
    <p class='ocr_par' dir='ltr' id='par_1_16' title="bbox 712 5861 2465 6275">
     <span class='ocr_line' id='line_1_47' title="bbox 712 5861 2465 6045; baseline 0.001 -114"><span class='ocrx_word' id='word_1_459' title='bbox 712 5984 719 5997; x_wconf 30' lang='grc' dir='ltr'>Ι</span> <span class='ocrx_word' id='word_1_460' title='bbox 811 5874 813 5879; x_wconf 83' lang='lat'>·</span> <span class='ocrx_word' id='word_1_461' title='bbox 834 5862 998 6038; x_wconf 50' lang='lat'>31:333</span> <span class='ocrx_word' id='word_1_462' title='bbox 1023 5861 1281 6036; x_wconf 52' lang='lat' dir='ltr'>iiivffiffi</span> <span class='ocrx_word' id='word_1_463' title='bbox 1307 5862 1419 6037; x_wconf 49' lang='lat'>:3335</span> <span class='ocrx_word' id='word_1_464' title='bbox 1438 5867 1693 6039; x_wconf 58' lang='lat' dir='ltr'>nccultaretlur:</span> <span class='ocrx_word' id='word_1_465' title='bbox 1719 5869 1902 5967; x_wconf 89' lang='lat' dir='ltr'>diligenter</span> <span class='ocrx_word' id='word_1_466' title='bbox 1924 5876 2133 5990; x_wconf 74' lang='lat' dir='ltr'>exquireret.</span> <span class='ocrx_word' id='word_1_467' title='bbox 2159 5877 2301 5968; x_wconf 85' lang='lat' dir='ltr'>Quanta</span> <span class='ocrx_word' id='word_1_468' title='bbox 2323 5867 2465 6045; x_wconf 50' lang='lat' dir='ltr'>luigoil.</span> 
     </span>
     <span class='ocr_line' id='line_1_48' title="bbox 833 5975 2465 6174; baseline 0.004 -39"><span class='ocrx_word' id='word_1_469' title='bbox 833 6060 897 6174; x_wconf 76' lang='lat' dir='ltr'>sibi</span> <span class='ocrx_word' id='word_1_470' title='bbox 920 5978 1083 6136; x_wconf 67' lang='lat' dir='ltr'>asuriiu</span> <span class='ocrx_word' id='word_1_471' title='bbox 1106 5982 1284 6157; x_wconf 43' lang='lat' dir='ltr'>‹iapilluml</span> <span class='ocrx_word' id='word_1_472' title='bbox 1311 6062 1390 6137; x_wconf 87' lang='lat' dir='ltr'>Nec</span> <span class='ocrx_word' id='word_1_473' title='bbox 1414 5984 1885 6146; x_wconf 45' lang='grc' dir='ltr'>ἒιί.1ιίφίι)ιξιυιξῐῖῗιοῗῗιξῦξὲιί</span> <span class='ocrx_word' id='word_1_474' title='bbox 1906 5975 2465 6165; x_wconf 46' lang='lat' dir='ltr'>{qulorqqserpptqqeptguecua&#39;rmple</span> 
     </span>
     <span class='ocr_line' id='line_1_49' title="bbox 832 6158 2463 6275; baseline 0.004 -38"><span class='ocrx_word' id='word_1_475' title='bbox 832 6174 878 6237; x_wconf 84' lang='lat' dir='ltr'>trs</span> <span class='ocrx_word' id='word_1_476' title='bbox 901 6158 1093 6236; x_wconf 83' lang='lat' dir='ltr'>eonfosmm</span> <span class='ocrx_word' id='word_1_477' title='bbox 1119 6160 1308 6275; x_wconf 75' lang='lat' dir='ltr'>uulneribus</span> <span class='ocrx_word' id='word_1_478' title='bbox 1333 6161 1510 6238; x_wconf 87' lang='lat' dir='ltr'>inventum</span> <span class='ocrx_word' id='word_1_479' title='bbox 1536 6183 1573 6240; x_wconf 87' lang='lat' dir='ltr'>et</span> <span class='ocrx_word' id='word_1_480' title='bbox 1596 6166 1783 6245; x_wconf 81' lang='lat' dir='ltr'>miserrime</span> <span class='ocrx_word' id='word_1_481' title='bbox 1807 6188 1920 6247; x_wconf 91' lang='lat' dir='ltr'>morte</span> <span class='ocrx_word' id='word_1_482' title='bbox 1944 6192 2180 6267; x_wconf 83' lang='lat' dir='ltr'>consumptum</span> <span class='ocrx_word' id='word_1_483' title='bbox 2206 6168 2375 6247; x_wconf 86' lang='lat' dir='ltr'>affirmant</span> <span class='ocrx_word' id='word_1_484' title='bbox 2402 6190 2463 6244; x_wconf 87' lang='lat' dir='ltr'>re·</span> 
     </span>
    </p>

    <p class='ocr_par' dir='ltr' id='par_1_17' title="bbox 781 6260 2463 6373">
     <span class='ocr_line' id='line_1_50' title="bbox 781 6260 2463 6373; baseline 0.004 -38"><span class='ocrx_word' id='word_1_485' title='bbox 781 6320 784 6325; x_wconf 90' lang='lat'>.</span> <span class='ocrx_word' id='word_1_486' title='bbox 830 6278 905 6335; x_wconf 87' lang='lat' dir='ltr'>rum</span> <span class='ocrx_word' id='word_1_487' title='bbox 928 6260 1136 6373; x_wconf 79' lang='lat' dir='ltr'>scriptores.</span> <span class='ocrx_word' id='word_1_488' title='bbox 1162 6260 1244 6338; x_wconf 86' lang='lat' dir='ltr'>Non</span> <span class='ocrx_word' id='word_1_489' title='bbox 1270 6274 1346 6334; x_wconf 88' lang='lat' dir='ltr'>utar</span> <span class='ocrx_word' id='word_1_490' title='bbox 1370 6264 1602 6358; x_wconf 85' lang='lat' dir='ltr'>exemplorum</span> <span class='ocrx_word' id='word_1_491' title='bbox 1626 6269 1760 6364; x_wconf 83' lang='lat' dir='ltr'>copias</span> <span class='ocrx_word' id='word_1_492' title='bbox 1782 6288 1860 6363; x_wconf 79' lang='lat' dir='ltr'>que</span> <span class='ocrx_word' id='word_1_493' title='bbox 1882 6292 2014 6343; x_wconf 89' lang='lat' dir='ltr'>summa</span> <span class='ocrx_word' id='word_1_494' title='bbox 2038 6276 2217 6346; x_wconf 85' lang='lat' dir='ltr'>esr.Sunt</span> <span class='ocrx_word' id='word_1_495' title='bbox 2240 6289 2278 6345; x_wconf 90' lang='lat' dir='ltr'>et</span> <span class='ocrx_word' id='word_1_496' title='bbox 2303 6267 2369 6343; x_wconf 79' lang='lat' dir='ltr'>alie</span> <span class='ocrx_word' id='word_1_497' title='bbox 2394 6269 2463 6342; x_wconf 89' lang='lat' dir='ltr'>hu·</span> 
     </span>
    </p>

    <p class='ocr_par' dir='ltr' id='par_1_18' title="bbox 809 6355 2461 6565">
     <span class='ocr_line' id='line_1_51' title="bbox 809 6355 2461 6550; baseline 0.005 -114"><span class='ocrx_word' id='word_1_498' title='bbox 809 6355 884 6484; x_wconf 65' lang='lat' dir='ltr'>⁸lus</span> <span class='ocrx_word' id='word_1_499' title='bbox 905 6360 1254 6491; x_wconf 19' lang='lat' dir='ltr'>rste-rneomrnoda:</span> <span class='ocrx_word' id='word_1_500' title='bbox 1281 6381 1358 6461; x_wconf 76' lang='lat' dir='ltr'>que</span> <span class='ocrx_word' id='word_1_501' title='bbox 1382 6383 1577 6465; x_wconf 85' lang='lat' dir='ltr'>quanquam</span> <span class='ocrx_word' id='word_1_502' title='bbox 1600 6364 1637 6457; x_wconf 88' lang='lat' dir='ltr'>in</span> <span class='ocrx_word' id='word_1_503' title='bbox 1662 6382 1827 6493; x_wconf 77' lang='lat' dir='ltr'>promptu</span> <span class='ocrx_word' id='word_1_504' title='bbox 1845 6369 1929 6446; x_wconf 88' lang='lat' dir='ltr'>mihi</span> <span class='ocrx_word' id='word_1_505' title='bbox 1955 6371 2179 6453; x_wconf 79' lang='lat' dir='ltr'>existantser</span> <span class='ocrx_word' id='word_1_506' title='bbox 2193 6390 2337 6449; x_wconf 77' lang='lat' dir='ltr'>tamen:</span> <span class='ocrx_word' id='word_1_507' title='bbox 2361 6372 2461 6550; x_wconf 61' lang='lat' dir='ltr'>ngd</span> 
     </span>
     <span class='ocr_line' id='line_1_52' title="bbox 2313 6490 2358 6565; baseline 0 -24"><span class='ocrx_word' id='word_1_508' title='bbox 2313 6490 2358 6565; x_wconf 94' lang='lat' dir='ltr'>qu</span> 
     </span>
    </p>
   </div>
   <div class='ocr_carea' id='block_1_15' title="bbox 0 0 2796 7894">
    <p class='ocr_par' dir='ltr' id='par_1_19' title="bbox 0 0 2796 7894">
     <span class='ocr_line' id='line_1_53' title="bbox 0 0 2796 7894; baseline 0 0"><span class='ocrx_word' id='word_1_509' title='bbox 0 0 2796 7894; x_wconf 95' lang='lat' dir='ltr'> </span> 
     </span>
    </p>
   </div>
  </div>
 </body>
</html>
