5584 7900
820 1138 921 1219 ‘nt
959 1138 1148 1219 TOMO
1188 1136 1531 1223 SECONDO.'
1926 1149 1976 1253 63

587 1309 652 1390 Aa
671 1311 960 1399 BOCCHIUS
985 1314 1303 1402 FRANCISCO
1334 1316 1775 1403 GUICCIARDINO·

343 1498 451 1599 Quod
476 1499 520 1576 ad
545 1517 582 1579 te
608 1522 806 1605 posteaqam
831 1513 874 1586 de
900 1505 1081 1585 Provincia
1106 1508 1279 1587 decessisti
1304 1511 1390 1586 nihil
1416 1513 1560 1589 omnino
1598 1511 1793 1593 litterarum
1833 1514 2018 1612 dederint,

392 1622 464 1675 non
489 1604 608 1681 hercle
632 1611 744 1680 dicam
769 1609 869 1685 luisse
893 1611 1141 1703 occupationes
1166 1608 1249 1684 ullas
1273 1611 1309 1684 in
1334 1634 1459 1704 causa,
1487 1613 1605 1712 quibus
1629 1617 1693 1690 ersi
1716 1620 1937 1693 continenter
1969 1621 2020 1695 ita

390 1699 516 1777 luerim
541 1728 620 1780 cum
647 1707 802 1804 privatim
828 1726 903 1784 tum
930 1711 1066 1807 publice
1091 1711 1282 1798 distentus,
1310 1728 1347 1784 ut
1372 1713 1416 1785 ab
1439 1714 1479 1790 iis
1505 1734 1678 1808 nunquam
1704 1718 1875 1813 potuerim
1912 1740 2022 1811 erpe-

392 1804 458 1875 diri
486 1822 605 1879 tamen
631 1807 719 1880 nulla
744 1807 904 1903 prolecto
932 1828 1026 1883 tanta
1054 1830 1126 1885 esse
1160 1806 1279 1882 debuit
1317 1812 1533 1907 occupatio,
1556 1834 1622 1907 qua
1659 1814 1811 1888 odicium
1852 1817 2020 1893 scribendi

391 1925 508 1978 meum
534 1924 650 2001 posset
672 1908 903 2009 interrumpi.
928 1910 1052 2007 Neque
1079 1929 1161 1984 veto
1186 1906 1366 1984 oblivionis
1384 1931 1465 1985 reus
1488 1932 1563 1987 esse
1584 1912 1697 1990 debeo
1714 1960 1724 2004 ,
1740 1916 1797 2013 qui
1814 1932 1934 2011 praeter
1947 1940 2026 1993 am·

392 2002 581 2101 piissimum
612 2024 699 2078 meae
722 2008 821 2105 ipsius
846 2011 1068 2087 conscientia
1104 2006 1366 2099 testimonium,
1392 2028 1570 2089 sescentos
1594 2034 1733 2109 quoque,
1757 2016 1868 2091 liabeo
1898 2034 2023 2092 nostrae
2131 2040 2140 2047 “

392 2102 492 2193 buius
518 2106 710 2181 Academias
734 2108 991 2188 testes‘nullum
1019 2106 1093 2184 sere
1119 2109 1209 2182 diem
1235 2130 1306 2183 esse
1324 2157 1333 2200 ,
1349 2111 1431 2205 quin
1456 2110 1568 2207 aliqua
1593 2116 1636 2187 de
1663 2112 1820 2207 preclara
1846 2115 2025 2191 Guicciar·

391 2206 465 2279 diui
491 2207 610 2282 virtute
637 2211 770 2284 mentio
795 2208 876 2285 fiat.
903 2208 1000 2309 Quid
1039 2229 1125 2310 ergo
1166 2204 1258 2281 fuiti
1285 2210 1450 2305 Equidem
1478 2232 1559 2286 vere
1585 2210 1726 2311 loquar:
1755 2213 1836 2285 nihil
1862 2236 2024 2313 umquam

358 2331 362 2340 ·
388 2308 500 2404 magis
524 2306 859 2407 cavendumpnsavi
881 2354 890 2399 ‚
913 2328 1016 2405 quam
1043 2330 1087 2384 ne
1114 2306 1247 2384 viderer
1262 2307 1434 2405 ineptus,
1461 2309 1488 2383 si
1514 2311 1619 2387 virum
1643 2314 1871 2411 gravissimtm
1913 2332 2027 2389 teme·

389 2426 430 2481 re
468 2402 591 2485 litteris
631 2408 715 2483 meis
737 2406 960 2506 interpellare
987 2408 1113 2483 veritus
1138 2428 1208 2480 non
1234 2402 1390 2481 fuissem.
1424 2412 1527 2484 Nunc
1552 2435 1634 2489 vero
1657 2416 1736 2487 satis
1761 2412 1937 2511 egregiam
1966 2434 2028 2487 oc·

388 2505 567 2583 elisionem
594 2523 716 2585 nactus
742 2509 887 2586 minime
912 2510 1154 2599 committam,
1174 2504 1256 2604 quin
1283 2504 1444 2584 diuturno
1473 2509 1611 2587 silentio
1637 2534 1716 2587 meo
1743 2510 1847 2587 finem
1875 2510 2026 2605 faciam,

360 2653 365 2668 ›
388 2610 571 2703 presertim
598 2628 678 2681 cum
704 2610 766 2685 tibi
783 2626 991 2709 pergratum
1015 2606 1092 2685 lore
1116 2607 1316 2697 confidam-5
1340 2612 1367 2683 si
1393 2624 1463 2683 tue
1487 2609 1709 2708 benignitatis
1734 2614 1770 2685 in
1796 2632 1905 2700 ,meos
1930 2634 2029 2689 eset·

387 2713 509 2783 cende
534 2705 738 2789 facultatem
765 2712 921 2786 dedero.·
946 2711 997 2784 Ac
1024 2732 1070 2784 ne
1095 2708 1162 2783 hoc
1186 2708 1261 2805 ipso
1286 2707 1347 2781 sim
1374 2707 1508 2806 ineptus
1532 2712 1612 2785 dum
1639 2708 1785 2803 pluribus
1800 2727 1913 2785 tecum
1933 2734 2028 2808 ago,

389 2804 545 2903 Joanues
570 2807 712 2899 Maria,
736 2812 795 2907 qui
822 2811 881 2886 has
917 2810 1048 2885 litteras
1066 2809 1108 2881 in
1134 2806 1315 2906 prasentia
1342 2806 1518 2898 reddidit,
1544 2808 1684 2905 Juvenis
1709 2826 1865 2884 strenuus
1888 2828 1924 2887 et
1960 2808 2029 2885 fru-

388 2908 453 3005 gi,
485 2908 635 3003 mihique
659 2907 815 2985 familiari
838 2926 877 2987 et
903 2930 1024 2997 carus,
1050 2910 1139 2983 istuc
1166 2933 1208 2987 ea
1231 2930 1291 3004 spe
1317 2910 1480 2983 adductus
1506 2910 1624 2999 venit,
1644 2924 1681 2982 ut
1705 2926 1767 2984 tuo
1795 2905 1913 2983 lavore
1930 2956 1940 2999 ,
1955 2932 2033 3008 gra·

388 3010 510 3105 tiaque
533 3004 651 3081 locum
676 3007 821 3107 aliquem
848 3012 938 3086 inter
958 3010 1127 3084 Ptatoriae
1142 3004 1297 3085 cohortis
1321 3010 1442 3102 milites¹
1459 3026 1588 3084 vestros
1614 3009 1790 3103 impetret,-
1810 3008 2032 3104 stipendium·

391 3125 463 3203 que
489 3104 635 3204 aliquod
651 3106 856 3201 bonesntm,
881 3110 909 3183 si
935 3108 1009 3186 lieri
1037 3111 1183 3205 poterit,
1213 3104 1361 3201 accipiat
1377 3162 1386 3181 .
1405 3108 1486 3183 Scio
1512 3131 1589 3184 earn
1612 3128 1687 3184 esse
1712 3124 1807 3183 tuam
1833 3109 1868 3188 in
1895 3132 1952 3183 me
1972 3107 2033 3181 be·

389 3205 655 3295 nevolentiam,
683 3227 721 3286 ut
748 3211 888 3286 minime
917 3211 1140 3286 dubitandum
1166 3212 1235 3299 sit,
1262 3207 1359 3307 Quin
1386 3209 1452 3281 hac
1473 3209 1513 3289 ¹in
1542 3232 1580 3284 re
1607 3230 1686 3282 mea
1713 3230 1814 3281 causa
1849 3207 1892 3280 sis
1917 3209 2033 3282 omnia

388 3304 578 3384 facturus.
603 3310 724 3402 Quare
749 3307 927 3406 longiores
952 3330 1070 3402 preces
1097 3330 1168 3379 non
1193 3310 1316 3381 addam
1342 3355 1352 3393 ,
1380 3331 1424 3382 ne
1450 3310 1541 3403 quod
1568 3332 1631 3404 pro
1658 3325 1717 3380 tua
1742 3305 1899 3401 singulari
1916 3311 2035 3378 huma·

396 3406 510 3482 nitate
537 3404 766 3480 voluntarium
794 3426 845 3482 est
871 3410 942 3481 sine
965 3408 1070 3481 dubio
1096 3404 1267 3492 formum,
1299 3405 1333 3478 id
1359 3406 1475 3482 nescio
1502 3429 1571 3501 quo
1598 3421 1702 3502 pacto
1729 3404 1882 3479 videatur
1916 3424 2032 3479 extot·

393 3521 468 3581 turn
485 3559 495 3578 .
515 3505 669 3581 Tantum
695 3510 823 3587 habeto
839 3508 891 3582 .si
918 3508 997 3606 quid
1025 3498 1060 3581 in
1088 3500 1177 3583 bunc
1204 3504 1370 3581 beneficii.
1386 3505 1689 3581 commendatione
1714 3504 1919 3595 contuleris,
1961 3522 2034 3578 tam

375 3605 455 3680 'tibi
484 3627 528 3680 eo
555 3608 694 3682 nomine
721 3600 793 3681 suni
822 3611 995 3684 debiturus
1019 3632 1121 3705 quant
1148 3610 1174 3681 si
1202 3606 1282 3682 illud
1308 3608 1476 3702 inipsum
1503 3626 1557 3680 rne
1583 3602 1688 3699 plane
1713 3605 1914 3681 contulisses
1931 3652 1942 3673 .
1959 3605 2039 3682 Pre-

390 3722 491 3784 terea
518 3726 595 3779 cum
623 3730 730 3804 nuper
755 3716 834 3783 dum
863 3707 1030 3780 Bononia
1059 3706 1251 3801 praesideres
1277 3704 1500 3801 pulcherrirna
1518 3704 1730 3777 ilistoriarum
1758 3722 1889 3779 tuarum
1916 3704 2039 3780 lectio·

390 3826 438 3884 ne
455 3820 563 3879 tanta
590 3827 646 3879 me
672 3806 851 3904 voluptate
880 3802 1033 3881 afferens
1051 3856 1061 3895 ,
1077 3824 1114 3881 ut
1129 3805 1187 3893 rlla
1210 3807 1343 3881 dicendi
1372 3806 1550 3900 prudentia
1577 3798 1735 3892 maiestas
1761 3806 1931 3900 copiaque
1952 3826 2040 3878 nun·

389 3928 494 4006 quam
521 3910 671 4002 potuerit
696 3930 718 3980 a
744 3909 910 3984 memoria
933 3930 1010 3994 mea
1037 3906 1166 3999 dilabiq
1182 3908 1297 3983 Tanto
1327 3899 1397 3995 eius
1421 3907 1538 3983 studio
1563 3926 1600 3978 et
1625 3905 1746 3981 ardore
1771 3909 1919 4000 quodam
1944 3924 2042 3979 amo·
2108 3942 2110 3949 v

391 4008 437 4083 ris
462 4006 617 4084 incensus
642 4003 709 4093 iam
736 4008 814 4080 inde
842 4004 975 4102 luiput
1004 4005 1167 4100 preclare
1204 4008 1391 4103 intelligam
1419 4006 1513 4078 nullo
1539 4027 1689 4079 animum
1734 4027 1847 4080 mcum
1881 4022 2039 4099 tempore

347 4178 352 4188 ,
389 4103 612 4202 acquiescere
640 4126 759 4199 poor,
788 4105 848 4179 nisi
875 4123 916 4180 tu
941 4131 1003 4198 pro
1031 4111 1246 4200 pietatqtua
1279 4127 1382 4199 opem
1420 4106 1598 4185 attuleris.
1626 4107 1748 4200 ltaque
1770 4127 1846 4196 ‚per
1887 4102 2041 4179 fortunas

388 4229 453 4305 per
485 4230 596 4282 meam
623 4228 658 4277 tn
685 4224 721 4279 re
744 4207 994 4284 observantiam
1022 4223 1058 4280 te
1084 4223 1324 4305 etramatque
1351 4208 1458 4280 eriam
1486 4207 1631 4280 obsecro
1646 4249 1656 4294 ‚
1684 4225 1727 4278 ne
1756 4224 1812 4279 me
1832 4204 1958 4279 diutius
1974 4205 2043 4278 hoc

388 4307 561 4384 desiderio
595 4307 838 4382 contabescere
863 4307 1025 4400 patiatis·
1049 4311 1146 4406 Quin
1169 4309 1283 4400 primo
1309 4325 1449 4402 quoque
1476 4325 1634 4396 tempore
1662 4301 1759 4378 nobis
1784 4319 1852 4376 tue
1867 4303 2043 4378 suavitatis

391 4407 522 4504 aliquid
555 4407 760 4502 impertias:
786 4430 853 4503 qua
882 4413 970 4480 inre
995 4406 1122 4480 inmea
1150 4407 1250 4500 culpa
1277 4402 1413 4480 sibimet
1452 4407 1510 4478 abs
1547 4420 1584 4476 te
1610 4404 1751 4501 agnosci
1795 4402 1980 4500 pervelim,
2012 4404 2044 4479 si

390 4508 551 4598 cupidior
581 4528 621 4580 ac
652 4504 790 4594 liberior
814 4510 849 4581 in
881 4507 1034 4604 petendo
1059 4503 1200 4580 totoue
1230 4505 1400 4579 videbor.
1429 4505 1521 4578 Nam
1545 4503 1625 4575 miln
1658 4505 1863 4598 scriptorum
1889 4515 2038 4583 'tuorum

392 4603 547 4714 galitas
576 4599 781 4674 admirabilis
810 4619 849 4672 et
877 4605 1054 4687 elegantia
1078 4606 1305 4680 cupiditatem
1339 4605 1488 4666 iniecit.
1519 4607 1564 4665 At
1590 4605 1727 4680 petendi
1759 4601 1951 4668 libertatem
1980 4617 2040 4672 tun

391 4698 455 4774 alla
484 4694 657 4793 singularis
695 4694 790 4768 dedit
829 4694 1043 4765 humanitas.
1075 4713 1154 4762 cura
1184 4707 1220 4759 ut
1252 4685 1389 4761 valeas.
1427 4706 1465 4765 et
1497 4687 1686 4764 Boethium
1723 4704 1820 4766 teum
1859 4693 2033 4774 redamet.

393 4797 557 4882 Bonoma
580 4789 692 4891 pridie
720 4811 827 4873 nonas
860 4789 1064 4870 Decembris
1093 4787 1364 4866 Muxxxvir.

534 5177 632 5284 pag
686 5173 798 5270 235.
839 5149 1172 5263 noceri]
1227 5153 1497 5275 Uillio
1554 5140 1867 5287 aggiungasis

343 5401 401 5572 Il
427 5477 611 5562 cavallere
638 5482 770 5560 Achille
807 5483 936 5560 Bacchi
979 5485 1143 5580 presentb
1170 5487 1202 5562 al
1232 5487 1364 5565 Senato
1390 5485 1415 5562 il
1439 5511 1501 5568 ruo
1524 5483 1613 5564 libro
1649 5485 1749 5564 Xlll.
1783 5489 1878 5564 Hirr.
1908 5490 2031 5566 Borrae.

396 5611 454 5664 ma
478 5581 665 5661 diffidando
689 5587 723 5658 di
751 5603 852 5682 potet
877 5589 1051 5679 conspicue
1076 5588 1111 5657 di
1134 5606 1192 5659 sua
1218 5609 1324 5661 mano
1348 5611 1414 5665 una
1445 5589 1551 5666 storia
1576 5589 1604 5662 sl
1626 5584 1761 5686 lunga,
1787 5611 1808 5664 e
1833 5591 1860 5664 sl
1884 5588 2033 5666 laborio-

393 5711 457 5778 sa,
484 5711 506 5763 e
530 5686 737 5784 giudrcando
762 5708 890 5782 capace
916 5688 949 5758 dr
976 5685 1186 5762 contionaria
1214 5688 1305 5764 Prrto
1331 5711 1393 5766 suo
1415 5686 1590 5789 figliuolo‚
1614 5708 1652 5762 se
1677 5687 1748 5787 egli
1787 5709 1924 5772 motusic
1957 5711 2035 5765 sen·

395 5787 580 5862 araverit
607 5784 733 5871 finita,
759 5789 858 5860 diede
884 5785 918 5860 al
945 5787 1085 5862 senato.
1103 5808 1168 5860 una
1194 5787 1346 5884 supplica
1373 5814 1433 5888 per
1458 5792 1492 5865 la
1515 5788 1748 5865 sostituzione
1788 5786 1881 5867 dello
1922 5809 2033 5867 stesso

393 5891 490 5966 l’rrro
515 5911 537 5958 a
560 5891 763 5962 continuate
789 5901 908 5980 questa
945 5887 1050 5961 storia
1081 5888 1174 5982 dopo
1200 5887 1232 5961 la
1260 5906 1393 5967 tenuta
1420 5913 1479 5964 sua
1507 5905 1638 5963 morte.
1679 5886 1890 5967 Condrscese
1916 5888 1942 5960 il
1971 5890 2035 5965 See

397 6003 508 6074 nato,
538 5989 581 6062 ed
607 5988 637 6061 ai
667 6009 727 6084 ap
753 5989 889 6083 Agosto
923 5985 1006 6063 dell’
1031 6009 1123 6062 anno
1166 6008 1274 6087 ¹55¹·
1300 5991 1447 6069 decretb
1475 5989 1509 6063 la
1533 5989 1691 6067 richiesta
1713 5989 1962 6066 'restitucione
2000 5985 2038 6066 di

398 6086 521 6173 Pisto,
544 6085 779 6187 assegnandoli
805 6103 970 6161 trecento
993 6085 1056 6164 lise
1079 6109 1194 6162 annue
1217 6090 1251 6160 di
1277 6089 1475 6187 stipendio,
1501 6111 1522 6164 a
1547 6087 1777 6166 condizione.
1805 6092 1899 6174 cire,
1927 6088 2038 6181 quan·

400 6189 452 6262 do
477 6182 546 6280 egli
574 6187 667 6282 dopo
695 6187 727 6262 ia
752 6205 866 6263 morte
892 6186 925 6261 di
954 6185 1087 6263 Achille
1113 6205 1336 6267 sottenttasse
1362 6217 1381 6266 a
1408 6188 1612 6265 continuare
1638 6186 1670 6260 la
1697 6185 1832 6274 storia,
1861 6184 1962 6260 esibir
1987 6205 2032 6259 ne

401 6289 546 6362 dovesse
570 6287 652 6383 ogni
679 6309 770 6361 anno
798 6287 831 6361 al
857 6289 988 6364 Senato
1010 6289 1077 6364 due
1100 6288 1176 6362 huri
1195 6288 1354 6366 almeno.
1378 6291 1493 6388 Copia
1520 6293 1552 6363 di
1580 6303 1702 6384 questo
1728 6289 1871 6361 decreto
1898 6307 2037 6360 conser-

364 6455 371 6466 ,
398 6386 470 6467 rasi
495 6407 614 6485 presto
637 6387 663 6463 rl
688 6389 813 6490 Signor
827 6389 945 6471 Coum
970 6388 1130 6496 Carraria
1154 6391 1266 6493 Dopo
1291 6390 1319 6470 il
1341 6392 1489 6472 decreto
1511 6391 1547 6470 di
1572 6407 1692 6488 questa
1716 6385 1871 6486 graciosa
1894 6385 2032 6500 sortitu·

1908 6509 1988 6564 zio·
