5584 7900
866 1123 937 1210 κιο
1213 1102 1561 1186 noviante:
1601 1107 1631 1184 Ε
1670 1104 2103 1184 eottnztontt

875 1280 1078 1354 stantissitno
1103 1280 1273 1376 Magistro
1295 1276 1478 1351 Rernara'o.
1491 1277 1530 1350 de
1554 1278 1792 1368 Garvonibus,
1815 1283 1873 1376 qui
1896 1302 1931 1350 se
1957 1299 2030 1349 curn
2054 1293 2174 1350 vestra
2216 1283 2411 1351 contunitate
2437 1303 2504 1351 con·

878 1383 1038 1470 duscernt,
1063 1379 1224 1450 condolere
1249 1379 1433 1465 videmini,
1449 1377 1538 1476 quod
1556 1377 1605 1451 ad
1626 1403 1688 1454 vot
1712 1401 1775 1450 non
1799 1383 1938 1470 veniat,
1965 1393 2005 1449 ut
2026 1379 2178 1448 convenit
2196 1400 2212 1464 ,·
2227 1395 2261 1449 et
2275 1396 2338 1470 ‘pro
2362 1401 2505 1452 cucuso·

878 1502 963 1554 tuone
989 1481 1089 1571 ipsius
1116 1481 1281 1574 Magistri
1306 1480 1497 1564 Bernardi,
1522 1483 1638 1575 quiin
1663 1477 1720 1549 boe
1745 1484 1894 1573 negotio,
1916 1499 2019 1575 pure,
2050 1475 2260 1568 simpliciter,
2291 1475 2372 1548 bona
2401 1478 2501 1568 fide,

871 1603 907 1655 et
930 1575 1050 1674 absque
1075 1575 1144 1649 ulla
1166 1597 1279 1672 prosus
1304 1575 1491 1673 duplicitate
1511 1579 1666 1672 processit
1681 1619 1690 1661 ,
1705 1575 1850 1678 maleque
1863 1594 2030 1649 coutentes
2054 1576 2153 1646 vivit
2176 1600 2276 1672 quum
2300 1576 2345 1646 al
2366 1595 2430 1649 voe
2442 1601 2507 1651 ve·

870 1688 940 1753 nire
966 1699 1027 1748 non
1048 1683 1149 1775 possit
1169 1701 1181 1768 3
1203 1679 1247 1748 Et
1270 1696 1307 1748 ut
1332 1685 1362 1748 si
1387 1700 1487 1774 quant
1511 1673 1550 1746 de
1573 1697 1607 1744 eo
1633 1676 1843 1770 suspicionem·
1862 1693 1921 1745 aut
1946 1676 2034 1770 quod
2054 1697 2117 1746 vos
2143 1673 2310 1762 illuserit,
2336 1694 2396 1746 aut
2418 1674 2506 1772 quod

872 1782 913 1852 de
938 1775 1034 1848 vobis
1057 1781 1111 1850 sui
1133 1773 1284 1847 commodi
1305 1797 1431 1862 cauta,
1458 1795 1518 1846 aut
1542 1773 1607 1844 alio
1638 1796 1836 1871 quocumque
1874 1790 2019 1868 respectu
2059 1791 2165 1847 artent
2192 1770 2307 1870 facere
2340 1776 2504 1864 noluerit,
2594 1838 2595 1849 ,

861 1878 1010 1978 fortasse
1034 1876 1245 1968 concepistis,
1270 1878 1401 1964 penitus
1425 1897 1472 1942 esc
1496 1876 1614 1941 animis
1638 1876 1764 1944 vesteis
1789 1871 1980 1966 deponatis,
2005 1875 2115 1942 visum
2140 1892 2192 1944 est
2218 1874 2306 1945 nobis
2330 1879 2434 1965 ipsam
2457 1879 2505 1944 sei

870 1976 1050 2054 veritatem
1063 1973 1214 2063 fideltter
1241 1992 1424 2064 exponere.
1439 1968 1663 2064 Superioribus
1687 1967 1799 2041 diebus
1823 1971 1870 2040 ad
1890 1973 2096 2065 presentiam
2123 1992 2269 2044 nostram
2292 1973 2443 2044 accedens
2458 1981 2503 2067 ip·

870 2102 906 2151 se
931 2077 1097 2169 Magister
1122 2069 1312 2142 Bernartius
1335 2073 1498 2142 narravit
1522 2069 1613 2140 nobis
1626 2111 1637 2153 ,
1650 2069 1795 2164 qualiter
1819 2092 1854 2139 se
1875 2093 1947 2142 cun
1971 2067 2058 2140 dieta
2083 2089 2201 2143 vestra
2214 2075 2418 2153 comunitate
2431 2095 2505 2141 cen·

868 2177 1016 2248 duxerat
1041 2173 1075 2240 in
1097 2171 1255 2240 exercitio
1280 2165 1453 2240 Medicina
1477 2187 1537 2261 pro
1558 2184 1642 2238 certo
1669 2183 1830 2258 tempore,
1851 2169 2010 2266 Rogant,
2036 2188 2073 2240 ut
2097 2169 2160 2240 sibi
2177 2191 2320 2268 gratam
2341 2173 2503 2243 licentiam

867 2272 1026 2368 impertiri
1050 2267 1209 2342 vellemus
1233 2264 1403 2338 accedendi
1428 2266 1475 2338 ati
1496 2287 1559 2338 vos
1581 2263 1630 2336 ad
1651 2263 1840 2336 exolvenda
1862 2273 2045 2361 promissa,
2071 2267 2245 2367 Libuosque
2268 2295 2362 2359 suos,
2391 2287 2503 2342 vestes

864 2390 898 2446 et
924 2370 1008 2443 alias
1032 2392 1084 2441 rer
1107 2389 1185 2442 suas
1201 2367 1309 2462 ¹libere
1333 2363 1555 2451 extrahendi,
1578 2364 1667 2464 quod
1681 2361 1796 2459 fecere
1820 2373 2070 2455 recusavimus,
2095 2388 2316 2467 cognoscentes
2341 2373 2501 2441 metueret

864 2493 958 2548 suant
974 2514 984 2558 ‚
1002 2487 1035 2541 et
1060 2487 1218 2566 quantum
1246 2467 1336 2538 utilis
1361 2485 1394 2536 et
1421 2462 1611 2553 honorificus
1637 2483 1710 2535 erat
1734 2483 1840 2536 nostro
1864 2466 1970 2539 studio
1996 2485 2173 2566 nostreque
2199 2469 2350 2542 Civitati
2368 2486 2501 2564 propter

864 2568 935 2665 ejus
960 2587 1064 2641 artem
1090 2570 1280 2662 praeeipuam
1304 2587 1366 2636 non
1389 2564 1490 2638 solum
1516 2563 1629 2651 utiiic,
1649 2564 1710 2637 ted
1730 2564 1925 2660 quodamodo
1949 2567 2177 2652 necessarius,
2201 2568 2239 2639 de
2262 2593 2326 2667 qua
2361 2568 2501 2639 muitum

860 2672 1007 2772 gravati
1021 2665 1179 2764 filietas,
1202 2661 1290 2763 quod
1311 2688 1346 2736 se
1372 2668 1442 2735 sine
1467 2665 1671 2763 Regiminum
1695 2682 1873 2737 nostrorum
1897 2666 2270 2754 licentiacottduxirset3
2287 2666 2420 2771 Qibut
2436 2688 2502 2733 non

826 2769 841 2782 ''
866 2767 1070 2844 obstantibus
1094 2769 1234 2853 iterant,
1262 2781 1362 2862 atque
1388 2767 1506 2836 iterum
1531 2767 1727 2858 interpositis
1750 2767 1910 2859 proximis
1935 2787 1967 2838 et
1992 2769 2209 2854 amicissuir,
2229 2762 2390 2861 fastisque
2419 2753 2504 2832 mul·

867 2871 935 2954 tis,
960 2885 992 2938 et
1016 2864 1159 2938 diversis
1180 2868 1331 2959 practicis
1355 2866 1441 2936 eirca
1469 2858 1526 2935 boe
1550 2862 1640 2959 apud
1661 2887 1717 2936 nos
1741 2867 1863 2938 institit
1883 2885 1942 2960 pro
1967 2863 2202 2941 clietalicentia
2215 2864 2390 2935 obtinentia
2404 2886 2501 2959 quaa

867 2963 999 3040 tandem
1020 2985 1080 3060 per
1104 2967 1376 3060 importunitatem
1395 2982 1549 3060 gravate
1573 2982 1703 3050 tamen,
1720 2966 1863 3036 maxime
1878 2959 1948 3055 ejus
1970 2963 2059 3062 quod
2080 2984 2222 3038 secutum
2241 2959 2314 3060 fecit
2331 3009 2341 3051 ,
2357 2961 2500 3035 tibicen

867 3065 1042 3140 sedendam
1069 3061 1251 3137 duximus.
1277 3062 1383 3165 Qud
1403 3086 1474 3135 eunt
1499 3061 1546 3135 ad
1569 3065 1718 3138 noticiam
1757 3066 1882 3136 civium
1919 3083 2097 3137 nostrorum
2119 3063 2309 3159 pervenit,
2334 3061 2499 3134 deductum

861 3161 934 3261 fuit
958 3163 1132 3258 plurinum
1157 3182 1190 3235 et
1212 3167 1403 3259 privatim,
1428 3185 1461 3237 ct
1487 3164 1523 3234 in
1546 3165 1687 3236 consiliis
1722 3161 1859 3259 publicis
1883 3180 1921 3236 ei
1936 3185 1994 3262 per
2018 3187 2138 3236 omnem
2178 3166 2355 3235 civitatem
2368 3157 2497 3257 suimus

865 3267 989 3338 acriter
1011 3259 1212 3357 reprehensi,
1234 3259 1468 3360 propterquod
1488 3286 1614 3335 necesse
1629 3257 1701 3359 feeit
1726 3280 1763 3332 ut
1785 3259 1967 3354 hujusmodi
1992 3263 2156 3337 licentiam
2181 3262 2244 3334 n'bi
2269 3283 2446 3335 concessant
2460 3260 2502 3329 il·

867 3363 926 3434 bico
950 3385 1205 3454 revocaremus;
1228 3364 1281 3433 eui
1303 3365 1404 3433 etium
1426 3384 1485 3457 per
1507 3388 1565 3435 nos
1588 3361 1778 3434 mandatum
1794 3357 1867 3458 fieit
1883 3409 1893 3451 ,
1909 3360 1998 3460 quod
2018 3363 2079 3438 sub
2099 3382 2196 3458 poena
2220 3363 2340 3456 capitis
2362 3383 2422 3434 nott
2447 3358 2502 3429 de·

870 3460 964 3532 beret
982 3460 1021 3531 tie
1046 3466 1188 3537 civitate
1213 3479 1326 3532 nestra
1351 3461 1497 3535 recedere
1509 3509 1521 3552 ,
1545 3460 1585 3534 de
1608 3485 1671 3559 quo
1695 3459 1855 3558 publicam
1879 3468 2076 3558 scripturum
2101 3460 2213 3550 confici
2228 3460 2420 3552 jussimus.-
2445 3462 2506 3554 qui

864 3559 905 3632 de
930 3558 1013 3632 dieto
1036 3558 1188 3630 mandato
1213 3555 1494 3634 vehementissime
1519 3577 1711 3660 conquestus
1737 3578 1796 3646 est,
1825 3579 1868 3637 et,
1885 3561 1986 3633 doluit
2002 3614 2011 3650 ,
2028 3562 2178 3660 allegans
2195 3561 2298 3633 multa
2318 3582 2375 3656 pro
2399 3562 2503 3653 ipsius

864 3659 1015 3738 mandati
1040 3661 1273 3744 revocatione,
1301 3683 1358 3731 nee
1384 3658 1427 3730 ab
1452 3659 1527 3732 inde
1551 3667 1634 3735 citra
1671 3681 1816 3758 unquam
1857 3664 2025 3748 cessavit,
2054 3679 2087 3732 et
2116 3679 2176 3755 per
2202 3686 2237 3733 se
2259 3678 2292 3732 et
2317 3662 2501 3732 coniunctos

864 3778 898 3831 et
923 3763 1041 3832 amisos
1064 3782 1135 3829 eum
1162 3760 1245 3831 omni
1259 3759 1423 3829 instantia
1447 3777 1480 3829 et
1504 3756 1719 3832 sollieitudine
1741 3779 1869 3852 poscere
1897 3777 1961 3846 ,ut
1986 3763 2131 3832 sinamus
2156 3782 2227 3834 eum
2251 3759 2298 3831 ad
2319 3783 2383 3832 vor
2405 3758 2501 3828 veni·
2594 3780 2595 3783 ¹

866 3881 926 3944 re,
952 3855 1040 3955 quod
1063 3857 1151 3926 nullo
1178 3853 1265 3928 modo
1284 3860 1419 3950 potuit,
1445 3874 1504 3927 aut
1529 3856 1764 3955 quovismodo
1786 3861 1906 3950 poterit
1930 3864 2126 3957 impetrare.
2150 3863 2196 3930 Et
2218 3864 2247 3930 ci
2271 3876 2387 3931 tonna
2411 3877 2503 3927 man·

862 3956 977 4030 datum
1001 3972 1146 4029 nomam
1171 3952 1355 4048 hujusmodi
1380 3952 1510 4053 aliquid
1532 3975 1661 4040 tentare
1682 3976 1915 4051 presumeret,
1934 3960 2104 4034 maletsibi
2116 3959 2295 4033 consulturi
2314 3954 2418 4058 foret.
2445 3956 2501 4027 Ex

863 4077 940 4155 quo·
950 4074 1136 4155 postquam.
1142 4076 1203 4151 per
1226 4052 1416 4149 pradictum
1442 4056 1648 4153 Magistrum
1673 4052 1877 4128 Bernardum
1905 4081 1968 4128 non
1983 4066 2086 4134 aletis
2110 4070 2219 4156 neque‘
2234 4076 2325 4145 stat,
2352 4059 2435 4152 quin
2450 4078 2505 4125 ac·

865 4175 907 4231 aa
929 4174 1093 4229 conventa
1119 4154 1323 4251 adimpleat.
1349 4152 1409 4228 Voc
1434 4174 1467 4228 et
1493 4160 1684 4225 (Iomunitas
1709 4173 1856 4242 vestra,
1881 4155 2006 4232 debetis
2029 4160 2120 4231 ilium
2157 4161 2269 4229 merito
2303 4170 2505 4227 excusatum

863 4250 1010 4343 babere,
1035 4260 1095 4357 qui
1119 4279 1183 4327 non
1208 4259 1312 4327 minus
1336 4255 1473 4327 libenter
1499 4253 1576 4329 illuc
1601 4254 1769 4337 venisset,
1798 4276 1897 4350 quant
1914 4253 2072 4352 fortassis
2095 4279 2158 4329 vos
2180 4256 2277 4327 illum
2299 4254 2508 4345 expectaba-

832 4366 833 4371 ’
865 4355 937 4424 tis.
967 4358 1050 4427 Nec·
1067 4354 1174 4425 adbuc
1199 4352 1378 4440 animum,
1393 4350 1525 4425 dumodo
1548 4355 1618 4423 sine
1638 4355 1710 4446 pesti
1769 4441 1775 4454 ,
1793 4351 1877 4441 fieri
1908 4374 2035 4451 posset,
2062 4352 2201 4449 deposuit
2233 4346 2425 4422 veniendi·
2462 4350 2508 4416 St'

856 4446 951 4549 sorte
977 4451 1017 4522 cie
1038 4449 1104 4530 bae
1126 4472 1237 4525 nostra
1262 4458 1471 4525 attestatione
1496 4439 1728 4538 dubitaretiif
1762 4452 1826 4521 uod
1839 4477 1902 4525 nou
1926 4473 2008 4527 erret
2035 4457 2083 4526 ita
2109 4470 2145 4521 ut
2169 4452 2368 4541 scripsimus,
2392 4463 2512 4540 potes·

784 4588 787 4603 ·
871 4552 918 4619 tit
943 4550 1077 4617 aliunde
1100 4568 1160 4636 per
1184 4548 1299 4613 multos
1323 4560 1358 4614 et
1381 4548 1501 4614 varior
1538 4544 1641 4613 modos
1675 4540 1870 4639 infirmari,
1898 4563 1932 4615 et
1957 4550 2076 4643 ubique
2114 4547 2278 4635 reperietis
2304 4564 2370 4612 rent
2395 4565 2431 4613 re
2456 4545 2506 4611 ita

869 4641 992 4719 babere
1016 4662 1054 4715 ut
1078 4641 1269 4715 scribimus.
1295 4640 1432 4713 Placeat
1458 4643 1570 4737 itaque
1594 4644 1833 4714 excusationem
1857 4641 1938 4714 dieti
1961 4646 2123 4740 Magistri
2146 4641 2331 4727 nucarii,
2355 4658 2395 4713 ut
2418 4644 2505 4711 ratio

870 4748 991 4841 exiget,
1009 4764 1100 4841 aquo
1125 4745 1230 4811 animo
1252 4742 1439 4833 suscipere3
1464 4742 1539 4811 Nee
1552 4738 1646 4813 vobis
1674 4740 1782 4811 deesse
1808 4757 1941 4835 possunt
1959 4743 2086 4815 Medici
2108 4763 2179 4812 eune
2204 4741 2336 4838 plurimi
2364 4759 2397 4812 et
2424 4737 2500 4810 doc·

764 4890 766 4897 ι
866 4847 895 4915 ti
920 4868 959 4915 as
984 4841 1115 4936 experti
1138 4841 1367 4933 reperiantur,
1394 4862 1475 4936 quos
1501 4840 1644 4912 Lucrum
1662 4862 1721 4910 non
1745 4839 1852 4912 minue
1880 4862 1979 4936 quaes
2000 4844 2206 4939 Magistrum
2237 4838 2441 4914 Bernarulune
2455 4834 2504 4907 al

776 4954 795 5009 .’
868 4944 1012 5017 seruitia
1035 4954 1152 5009 uestra
1177 4934 1353 5015 attrabat,
1380 4956 1414 5010 et
1436 4936 1585 5010 alliciat.
1612 4936 1828 5034 Aequum
1855 4958 1937 5013 votet
1962 4962 2020 5015 nos
2042 4958 2166 5038 semper
2186 4943 2304 5037 parati
2326 4936 2501 5035 officiosus.

742 5112 747 5121 .
806 5066 807 5073 ¹
866 5040 997 5115 Datum
1023 5038 1174 5113 Bononiae
1201 5036 1254 5109 die
1281 5034 1387 5108 XXV
1390 5040 1417 5110 l.
1447 5034 1538 5133 Maj.
1568 5036 1838 5115 MCCCCXLV.

1190 5435 1333 5509 Antiaui
1358 5440 1514 5513 Consules
1560 5435 1580 5535 )

1184 5532 1359 5635 Vexillifer
1378 5538 1524 5635 ‚lustitia
1562 5540 1580 5635 )
1605 5478 1728 5579 Populi
1752 5497 1790 5558 et
1813 5478 1978 5557 Comanis
2003 5476 2187 5555 Bononio.
2303 5474 2309 5483 '

1583 5749 1605 5801 a
1631 5742 1733 5823 tergo
1795 5761 1797 5764 ·

918 5894 1157 6000 spectabilibus
1181 5921 1215 5979 ot
1239 5907 1384 6020 egregiis
1417 5907 1529 5980 amieis
1561 5905 1760 5985 cbarissimis
1779 5908 2009 6009 Regiminibus
2033 5912 2201 5989 Civitatis
2228 5913 2400 5986 Mutine.
