5584 7900
881 1030 961 1109 nt
990 1034 1188 1145 ‘tomo
1225 1032 1473 1112 crozo.
1897 1068 1964 1123 ιον

203 1198 207 1205 ’
330 1203 368 1273 is·
389 1199 518 1274 otieris
542 1202 719 1321 Scardova
742 1224 800 1276 son
825 1204 1009 1278 testimonio
1033 1226 1057 1279 a
1080 1226 1204 1304 qoamo
1226 1204 1261 1279 di
1285 1228 1380 1305 sopra
1421 1208 1451 1279 si
1483 1204 1654 1299 eontieoe,
1683 1206 1758 1281 edi
1784 1234 1858 1287 man
1879 1221 2015 1315 propria

378 1326 421 1372 ns
446 1326 503 1375 son
526 1320 743 1378 stttoscrstto.
1376 1331 1380 1339 ⁸

329 1397 486 1473 Aseioslri
510 1424 626 1500 questa
651 1410 716 1477 mia
741 1406 883 1500 risposta
905 1426 968 1475 non
990 1407 1035 1475 vi
1054 1399 1138 1499 paja
1162 1406 1255 1481 melta
1275 1411 1421 1505 privata
1445 1430 1486 1479 ne
1509 1404 1551 1481 lo
1567 1406 1661 1506 ficeto
1686 1414 1867 1507 imprimere
1906 1438 2012 1489 1000.

370 1519 432 1596 per
470 1504 641 1576 mandarle
666 1505 787 1578 bancor
813 1509 843 1576 io
860 1503 1107 1599 generalmente
1126 1524 1188 1601 per·
1213 1526 1303 1582 tetta
1326 1510 1354 1579 l'
1379 1508 1480 1582 italia
1495 1532 1543 1577 -ε
1560 1514 1628 1581 indi
1655 1534 1761 1606 segue
1789 1538 1809 1587 a
1833 1516 1907 1589 dite
1930 1516 2019 1601 ,che

263 1659 266 1669 .
377 1621 453 1676 non
482 1602 507 1673 l’
532 1603 577 1677 ha
602 1608 760 1679 mandata
785 1610 826 1677 ad
853 1607 978 1679 altono
1017 1602 1052 1679 in
1079 1603 1289 1702 particolace
1309 1632 1397 1683 come
1420 1625 1522 1681 avete
1537 1606 1631 1707 fatto
1654 1618 1739 1703 voi,
1766 1636 1820 1687 nra
1843 1614 1878 1685 la
1902 1616 2017 1687 mando

380 1701 416 1771 in
467 1703 597 1777 enerale
620 1724 642 1777 a
667 1708 746 1776 tutti
767 1702 874 1779 dotti.

324 1796 427 1877 seces
451 1826 472 1877 a
498 1808 638 1903 sisposta
661 1802 742 1876 data
768 1802 813 1877 ela
839 1809 956 1885 Nisoli
983 1802 1137 1880 Tantalio
1176 1806 1323 1881 Brisian.
1351 1827 1376 1879 a
1400 1809 1530 1881 Messer
1571 1807 1732 1881 Lodovieo
1759 1815 1896 1887 Ferraro
1935 1812 2020 1887 delle

374 1902 615 1982 Mathematice
638 1908 753 1983 Lector
771 1908 920 2004 pniblieo
945 1916 980 1983 in
1005 1908 1175 1993 Mellano,
1200 1923 1235 1976 et
1259 1908 1294 1976 al
1322 1906 1503 1987 Eccellense
1528 1912 1649 2005 Signor
1676 1912 1863 1985 Hieronimo
1887 1917 2018 1985 Carda-

374 2025 418 2077 νο
444 2005 559 2081 Lector
577 2004 704 2101 publico
727 2012 763 2080 in
787 2012 901 2084 lavia
919 2062 927 2080 .
943 2014 1016 2081 Con
1042 2027 1110 2078 una
1133 2004 1257 2077 modola
1281 2003 1320 2076 de
1345 2011 1481 2109 Qesiti
1497 2052 1507 2093 ,
1525 2012 1634 2095 Cari,
1657 2032 1739 2080 over
1761 2015 1920 2107 questioni
1942 2034 2019 2107 pro·

366 2108 458 2199 posti
492 2106 529 2179 al
562 2103 648 2178 detto
691 2108 871 2183 Ecsellente
895 2109 1017 2211 Signor
1051 2108 1249 2206 Hieronymo
1272 2107 1451 2200 Cardono,
1479 2124 1512 2181 st
1537 2106 1572 2179 ol
1596 2108 1775 2205 Eceellente
1800 2114 1931 2184 Messer
1956 2113 2022 2203 Lm

373 2201 489 2277 doerieo
510 2206 647 2278 Ferraro
671 2232 728 2279 seeo
752 2210 892 2283 Creato.

323 2296 508 2391 Comincia
524 2330 574 2375 =
595 2306 776 2379 Eseellente
800 2309 855 2381 M.
882 2304 1045 2383 lodevico
1069 2304 1130 2382 alli
1158 2327 1214 2405 19.
1237 2307 1293 2380 del
1312 2310 1406 2382 Mese
1441 2304 1476 2381 di
1513 2306 1654 2381 Febraro
1690 2311 1844 2406 proesimo
1882 2330 2014 2405 perroto

372 2399 456 2477 detti
483 2406 624 2479 risolata
650 2410 790 2502 risposta
814 2408 885 2481 alla
911 2427 1030 2481 vostra
1053 2424 1233 2503 arrogante
1255 2408 1402 2497 desfida,
1427 2432 1510 2482 over
1534 2410 1680 2481 Castello
1705 2410 1739 2481 di
1763 2410 1895 2503 disputa
1929 2416 2014 2483 rice·

365 2520 452 2598 perta
478 2505 539 2578 alli
568 2529 625 2605 ¹3·
651 2507 706 2580 dei
732 2504 819 2579 detto
842 2510 978 2604 Mese(
1007 2512 1073 2583 sioi
1096 2512 1144 2580 sei
1160 2508 1275 2603 giorni
1311 2511 1436 2581 avanti
1462 2509 1479 2602 )
1505 2513 1596 2582 etin
1622 2508 1672 2580 tal
1696 2513 1762 2580 mia
1785 2515 1924 2603 risposta
1964 2534 2011 2585 ve

364 2604 526 2693 intincti,
554 2604 614 2680 che
639 2611 675 2677 in
701 2609 836 2679 termine
861 2605 896 2677 di
915 2611 1029 2705 giorni
1056 2630 1115 2720 3⁰·
1128 2608 1173 2679 da
1196 2611 1249 2699 poi
1272 2606 1308 2679 la
1331 2610 1585 2700 presentavione
1609 2607 1643 2678 eli
1665 2609 1776 2701 quella
1802 2631 1851 2679 me
1877 2609 2008 2683 dovesei

244 2746 248 2753 ·
364 2698 431 2773 clar
454 2706 554 2781 atriso
577 2729 613 2779 se
638 2709 695 2778 voi
719 2707 850 2778 insieme
876 2728 933 2778 cen
957 2705 982 2777 l’
1010 2708 1207 2781 Ecsellencia
1231 2704 1284 2777 del
1309 2708 1432 2803 Signat
1459 2706 1624 2777 Girolamo
1637 2706 1794 2779 Cardena
1818 2710 1859 2782 vt'
1881 2727 2013 2783 conten·
2048 2748 2051 2756 =

364 2805 458 2872 tavi.
475 2800 510 2903 di
534 2806 628 2878 voles
647 2809 838 2905 proeegnire
857 2805 909 2878 tal
931 2822 1052 2880 vostra
1076 2807 1176 2908 larga
1200 2806 1317 2904 offerta
1342 2808 1382 2877 de
1407 2803 1536 2901 disputa
1561 2805 1628 2877 (rc.
1890 2806 1894 2815 '

311 2899 490 2999 erosegue
514 2902 574 2997 poi
600 2928 670 2980 con
698 2907 782 3000 aspri
809 2905 905 2982 modi
932 2926 952 2979 e
974 2903 1096 2983 frivole
1109 2913 1251 3004 querele
1267 2930 1288 2981 a
1305 2928 1456 3006 pungere
1469 2906 1661 2994 lodovico,
1680 2926 1701 2979 e
1717 2902 1840 2980 dolersi
1860 2910 1953 2997 ,che
1966 2910 2012 2985 dn

359 3001 535 3096 principio
560 3003 609 3099 gli
635 3004 793 3080 serioeese
820 3006 854 3079 in
881 3003 1045 3104 volgare,
1071 3010 1130 3103 poi
1155 3008 1191 3080 io
1218 3028 1379 3103 appresso
1404 3006 1451 3105 gli
1482 3005 1580 3079 abbia
1606 3002 1697 3078 fatto
1721 3008 1865 3099 sisposca
1890 3008 1925 3079 in
1953 3008 2017 3080 lin·

226 3184 232 3191 ,
362 3120 434 3197 gua
463 3099 571 3176 latina
594 3102 719 3198 (della
745 3104 827 3200 qual
853 3102 970 3200 lingua
997 3126 1075 3183 esso
1101 3107 1127 3182 si
1148 3106 1304 3183 confessa
1332 3128 1404 3181 non
1429 3104 1541 3181 molto
1564 3104 1699 3201 pontico
1723 3105 1872 3182 diceudo
1896 3108 1915 3205 )
1940 3107 2020 3179 diri·

361 3196 478 3274 mem
528 3205 630 3277 ravin
667 3203 808 3279 d'onde
835 3202 955 3280 baveti
985 3207 1066 3281 tolto
1087 3230 1171 3282 over
1201 3210 1362 3303 imparato
1392 3226 1505 3306 questo
1531 3226 1646 3282 vostro
1688 3204 1871 3277 Eccellenee
1902 3207 2014 3279 ordine

360 3298 481 3377 baven
505 3307 569 3375 orni
602 3302 757 3378 mandato
790 3304 817 3376 il
838 3323 956 3379 vostro
982 3311 1086 3404 primo
1114 3308 1262 3383 cartello
1292 3305 1331 3379 de
1364 3306 1485 3398 disfida
1529 3306 1745 3400 desperative
1778 3308 1812 3375 in
1837 3305 1872 3376 la
1900 3324 2015 3377 nostra

359 3400 528 3474 Materna
558 3402 678 3501 lingna
703 3404 865 3493 italiana,
899 3422 934 3477 et
964 3406 1137 3481 avendovi
1169 3412 1199 3481 io
1223 3406 1301 3481 dato
1325 3412 1360 3478 in
1386 3408 1422 3479 la
1449 3401 1621 3478 medesima
1648 3402 1767 3500 lingua
1795 3402 1830 3474 la
1855 3404 1921 3473 mia
1952 3407 2017 3475 ris·
2162 3410 2168 3423 ’

356 3515 479 3593 posta,
505 3520 539 3572 et
563 3507 622 3574 voi
648 3507 701 3598 poi
733 3504 951 3601 respondcsmi
976 3511 1012 3579 in
1044 3508 1162 3606 lingna
1184 3508 1315 3595 latina,
1336 3526 1423 3580 cereo
1444 3529 1484 3577 ne
1512 3506 1564 3576 sti
1585 3502 1791 3597 stupefacto.
1813 3504 1883 3573 l'rer
1899 3520 2018 3597 sapen·

358 3596 401 3670 do
430 3604 507 3697 ogni
526 3602 650 3689 volta,
689 3601 748 3676 ebe
773 3631 819 3678 sen
851 3609 1015 3680 Honori
1041 3626 1141 3703 parte
1165 3604 1209 3680 da
1234 3632 1280 3679 on
1311 3604 1421 3678 ordine
1456 3602 1520 3703 gii
1553 3600 1597 3675 da
1620 3603 1670 3673 leri
1706 3604 1927 3697 principiam,
1958 3598 2018 3676 ebe

360 3697 443 3795 quel
467 3724 531 3770 non
555 3725 590 3773 se
617 3725 657 3773 ne
679 3720 775 3795 parte
800 3726 822 3776 a
845 3728 920 3778 caso
946 3702 986 3780 bo
1010 3726 1189 3803 conpreso,
1215 3704 1274 3781 che
1296 3726 1355 3802 per
1380 3704 1526 3779 vedervi
1548 3706 1583 3773 in
1608 3720 1697 3773 rotta
1723 3705 1765 3773 vi
1789 3698 1911 3773 lraveti
1932 3705 2017 3773 ima·

356 3798 479 3893 ginato
504 3796 541 3868 di
564 3800 752 3885 salvarvi‚
782 3826 903 3876 senon
929 3809 965 3875 in
992 3822 1078 3879 tutto
1101 3808 1227 3879 almeno
1251 3810 1286 3877 in
1332 3822 1432 3893 arte,
1461 3828 1518 3877 con
1544 3802 1595 3875 tal
1620 3818 1739 3873 vostra
1774 3797 1941 3889 cautella,
1968 3799 2004 3871 d
2005 3840 2022 3859 -

357 3892 470 3994 gendo
508 3904 610 3972 sostrei
635 3896 783 3999 consessa
807 3904 863 3976 nel
886 3927 944 3978 sna
969 3903 1052 3978 lt‘lrro
1078 3910 1145 3980 mai
1168 3903 1279 3980 iavet
1304 3826 1433 3980 lavoro
1459 3904 1630 3976 Precetore
1655 3917 1774 3989 ccetto,
1800 3898 1858 3976 eie
1882 3897 1917 3971 dt
1952 3899 2024 3999 leg·

360 4019 446 4096 gere
486 4000 575 4068 nella
602 4025 666 4073 soa
690 4007 877 4095 praenimia,
914 4027 932 4075 e
966 4008 1046 4098 perd
1070 4008 1154 4104 eglii
1180 4005 1393 4100 impossibile,
1418 4001 1475 4077 clre
1498 4005 1547 4074 lni
1572 3999 1694 4077 iabiia
1713 4017 1854 4094 possesio
1879 4002 2024 4094 impara-

366 4119 409 4170 re
434 4120 541 4170 senza
567 4121 663 4174 viva
688 4123 768 4174 voce
793 4103 829 4173 la
853 4103 970 4202 lingna
995 4105 1132 4194 latina,
1159 4123 1192 4179 et
1217 4129 1253 4182 se
1274 4126 1339 4201 per
1377 4127 1418 4176 ne
1457 4124 1578 4176 averse
1605 4124 1663 4173 con
1698 4097 1864 4172 industria
1898 4101 2022 4194 carpito

368 4194 516 4291 qualche
535 4219 634 4291 parte
660 4198 754 4299 dogl'
782 4205 936 4291 Artori,
967 4201 1024 4277 ebe
1049 4209 1088 4276 in
1112 4206 1229 4302 lingua
1254 4205 1396 4300 volgare
1420 4209 1451 4274 si
1474 4224 1531 4272 son
1556 4192 1700 4300 spermati
1724 4221 1747 4268 a
1772 4197 1869 4270 darla
1902 4197 1949 4268 ad
1970 4199 2023 4268 in·

359 4292 497 4366 tendere
517 4349 523 4378 ,
552 4301 617 4397 egl’
645 4303 664 4373 i
689 4303 909 4399 impossibile,
934 4303 1050 4376 alteim
1074 4307 1186 4402 qoella
1210 4309 1262 4378 sia
1287 4304 1443 4376 talmente
1467 4300 1649 4374 coroborato
1665 4343 1674 4388 ,
1690 4293 1749 4369 eie
1771 4301 1823 4371 sia
1847 4313 1917 4367 atto
1932 4318 1954 4368 a
1970 4299 2020 4368 in·

361 4391 502 4468 tendere
529 4395 563 4469 la
591 4403 658 4473 mia
686 4420 780 4475 tanto
806 4402 1002 4499 longissima
1030 4407 1194 4499 risposta,
1222 4419 1257 4476 et
1283 4427 1318 4476 se
1338 4421 1405 4498 pur
1430 4423 1487 4474 son
1512 4401 1688 4498 longer-va
1712 4396 1747 4469 di
1772 4417 1874 4492 tempo
1898 4395 1933 4467 la
1967 4399 2020 4466 in·

362 4491 530 4571 tendere,
558 4499 624 4577 egl‘
652 4501 672 4565 i
697 4502 733 4566 in
739 4501 887 4588 possibile
908 4499 1001 4586 ,cire
1026 4507 1069 4570 mi
1095 4505 1210 4594 sopp'a
1236 4502 1425 4595 rispondere
1450 4505 1485 4572 in
1508 4499 1559 4571 tal
1581 4500 1724 4595 lingna,
1751 4514 1784 4567 et
1809 4519 1843 4570 se
1867 4515 1933 4589 ptct·
1957 4517 2016 4566 con

367 4574 549 4673 iungevva
575 4575 611 4643 di
636 4589 736 4666 tempo
760 4594 806 4642 me
829 4584 1019 4665 respondero
1046 4595 1109 4669 ege·
1138 4599 1158 4642 e
1183 4599 1404 4666 imperassem,
1427 4597 1483 4642 ,oe
1511 4601 1539 4644 e.
1564 4620 1627 4646 m
1648 4595 1702 4670 διο
1737 4597 1820 4653 ,mc
1854 4595 2018 4674 superiore

364 4677 520 4774 ‘appresso
547 4671 625 4744 delli
649 4674 776 4767 periti,
803 4688 837 4743 st
863 4669 931 4742 doti
955 4673 990 4742 in
1014 4673 1146 4770 quella,
1174 4692 1257 4742 over
1281 4672 1317 4740 in
1339 4669 1535 4767 elegantia,
1562 4689 1595 4742 et
1616 4675 1673 4765 piri
1698 4670 1776 4744 belli
1802 4681 1954 4752 vocabuli
1972 4709 2016 4770 ,e

368 4779 407 4850 im
432 4778 489 4872 piri
505 4771 622 4865 fiorite
647 4772 831 4859 sententie,
857 4792 940 4843 over
964 4772 1043 4843 nell’
1069 4767 1317 4867 Ortbografia,
1345 4790 1430 4841 over
1455 4772 1490 4838 in
1515 4767 1675 4864 alegarvi
1698 4775 1754 4866 piri
1769 4769 1893 4870 famosi
1908 4777 2018 4856 l’lrilo.

366 4875 491 4972 sopho,
515 4877 545 4943 si
572 4873 694 4957 Stoici,
724 4893 807 4943 come
839 4869 1069 4966 Peripatetici,
1088 4887 1120 4941 et
1145 4870 1231 4939 altre
1255 4867 1353 4941 simili
1374 4867 1604 4960 particolarirei
1621 4867 1701 4942 ‚oi
1716 4873 1888 4968 simpliciori
1907 4903 2017 4974 grass·

365 4974 505 5050 dissima
529 4974 590 5046 voi
615 4973 657 5044 vi
683 4968 778 5042 deleti
802 4967 837 5040 di
865 4993 941 5060 ne,
969 4965 1084 5067 perche
1108 4971 1150 5041 vi
1177 4966 1245 5040 dico
1283 4967 1393 5039 alcuni
1433 4968 1543 5038 vostri
1582 4972 1703 5054 errori,
1733 4993 1786 5040 mc
1817 4975 1884 5068 egli
1909 4980 1927 5047 d
1948 4999 2014 5073 pur

357 5074 468 5174 sorva
494 5093 516 5145 a
540 5070 611 5144 dire
636 5069 744 5142 almen
769 5068 900 5168 quelli,
926 5067 984 5142 sire
1010 5092 1085 5146 sono
1110 5087 1219 5164 troppo
1245 5064 1419 5154 evidenti,
1436 5082 1497 5159 per
1522 5085 1585 5137 non
1609 5087 1696 5140 esser
1721 5068 1750 5140 io
1774 5071 1919 5165 riputato
1942 5101 2011 5152 sor·

371 5173 413 5248 do
438 5200 457 5247 e
482 5177 565 5246 sicco
590 5192 739 5269 appresso
765 5172 799 5242 di
825 5168 1053 5250 ciasclredono,
1082 5168 1141 5243 else
1165 5166 1321 5256 intende,
1346 5188 1365 5236 e
1390 5161 1497 5238 vede.

320 5273 456 5352 Ditemi
480 5279 520 5347 vi
543 5295 643 5372 prego
665 5297 728 5346 non
751 5275 771 5345 d
794 5292 860 5344 nna
885 5271 1060 5368 simplieitlt
1080 5268 1305 5370 grandissima
1328 5266 1364 5340 la
1391 5281 1510 5338 vottra
1534 5261 1876 5353 avendomidisfidatei
1897 5297 1920 5348 a
1945 5275 2013 5352 dis·

371 5393 478 5473 pntar
502 5395 558 5444 eom
583 5378 641 5446 vsi
666 5373 749 5445 nelle
772 5372 939 5467 dircipline
965 5369 1227 5457 Mathematice,
1252 5385 1285 5440 et
1311 5364 1395 5439 nelle
1420 5389 1479 5438 sue
1504 5363 1727 5462 dependente,
1753 5365 1784 5440 le
1807 5374 1905 5467 quale
1929 5379 1946 5469 (
1958 5401 2013 5453 co.

369 5499 422 5549 me
451 5471 590 5562 testifica
616 5476 724 5547 Boetia
750 5473 938 5568 severine)
967 5495 1029 5544 non
1056 5468 1140 5543 hano
1164 5470 1295 5569 bisogno
1321 5465 1366 5540 da
1392 5467 1511 5539 alsone
1535 5468 1624 5540 altra
1648 5467 1808 5556 scienva,
1834 5473 1869 5541 in
1901 5500 2008 5570 quan.

370 5594 406 5650 ao
435 5574 506 5646 alla
529 5593 591 5645 sesa
616 5577 769 5660 euntia,
797 5592 829 5645 et
855 5571 966 5646 darve
987 5576 1039 5669 poi
1064 5593 1087 5644 a
1108 5567 1236 5644 credere
1275 5563 1310 5642 di
1342 5569 1575 5642 convenncrmi
1599 5587 1655 5638 con
1695 5565 1727 5637 el
1741 5561 1853 5662 favor
1876 5569 1912 5643 d
1936 5597 2008 5650 rena

366 5678 509 5775 lingna,
537 5696 609 5745 tosa
635 5672 670 5743 al
695 5689 779 5745 tutto
794 5669 875 5770 fona
898 5671 933 5744 di
957 5674 1140 5770 proposito.

311 5777 471 5873 confesso
498 5777 528 5844 io
554 5791 748 5848 veramente
775 5777 840 5845 mai
864 5795 952 5845 aver
970 5768 1063 5869 fatto
1082 5764 1276 5869 professione
1298 5791 1340 5846 ne
1364 5768 1498 5844 deletato
1521 5765 1556 5840 di
1581 5767 1700 5842 alsone
1725 5787 1811 5844 sorte
1823 5767 1858 5843 di
1869 5771 2006 5872 lingua.

362 5876 463 5973 Egle'i
489 5873 550 5944 ben
577 5895 679 5957 vere,
706 5871 764 5944 ebe
790 5873 817 5942 il
841 5871 996 5944 desiderio
1015 5871 1235 5971 grandissimo
1258 5866 1293 5941 d’
1320 5871 1485 5944 intendere
1510 5869 1536 5939 li
1561 5873 1693 5958 autori,
1715 5869 1773 5942 ebe
1798 5870 1880 5944 delle
1904 5876 2004 5946 disci.

359 5977 452 6072 plene
483 5971 716 6047 Mathematicc
742 5975 777 6042 in
803 5971 918 6070 lingna
942 5973 1050 6046 latina
1074 5991 1242 6046 tratarono
1269 5993 1316 6043 nte
1341 5970 1426 6045 iano
1449 5964 1598 6065 cfhrzato
1623 5992 1646 6040 a
1670 5969 1758 6043 darlt'
1773 5968 1909 6070 qualche
1924 5973 2000 6044 vol·

364 6094 405 6149 se
430 6094 523 6168 opera
547 6070 590 6144 da
616 6097 665 6143 me
689 6069 856 6143 medrsimo
878 6096 935 6146 eon
960 6073 991 6145 lo
1015 6075 1126 6170 agitato
1150 6071 1190 6144 de
1215 6072 1304 6144 nolti
1343 6068 1565 6158 vocabulicti,
1594 6084 1628 6141 et
1651 6068 1740 6166 degli
1780 6071 1910 6156 autori,
1939 6067 1997 6146 che

362 6197 425 6249 eon
450 6174 566 6269 lingna
590 6175 728 6271 volgare
753 6175 783 6244 si
806 6195 879 6246 sono
904 6169 1047 6269 sforvari
1073 6193 1096 6243 a
1119 6168 1214 6243 dorla
1237 6169 1285 6244 ad
1306 6169 1501 6258 intendere,
1526 6184 1559 6240 et
1583 6165 1649 6241 cosi
1673 6191 1729 6239 con
1755 6166 1807 6237 eal
1843 6167 1936 6238 moda
1959 6191 1995 6248 ee

361 6279 431 6353 via
453 6293 495 6348 ns
517 6270 560 6350 ot
583 6279 749 6374 aquistata
773 6290 899 6366 tanta,
924 6269 982 6352 cie
1006 6280 1050 6354 mi
1075 6271 1172 6350 basta
1195 6273 1226 6348 si
1247 6290 1309 6373 per
1331 6266 1501 6354 intendere
1525 6267 1552 6344 li
1575 6263 1658 6342 detti
1683 6269 1816 6360 actori,
1841 6277 1875 6340 et
1898 6286 1998 6352 anco·¹

1907 6387 1948 6442 ta
