<?xml version="1.0" encoding="UTF-8"?>
<!DOCTYPE html PUBLIC "-//W3C//DTD XHTML 1.0 Transitional//EN"
    "http://www.w3.org/TR/xhtml1/DTD/xhtml1-transitional.dtd">
<html xmlns="http://www.w3.org/1999/xhtml" xml:lang="en" lang="en">
 <head>
  <title>
</title>
<meta http-equiv="Content-Type" content="text/html;charset=utf-8" />
  <meta name='ocr-system' content='tesseract 3.04.00' />
  <meta name='ocr-capabilities' content='ocr_page ocr_carea ocr_par ocr_line ocrx_word'/>
</head>
<body>
  <div class='ocr_page' id='page_1' title='image "./notiziedegliscr00fantgoog_0132.png"; bbox 0 0 5584 7900; ppageno 0'>
   <div class='ocr_carea' id='block_1_1' title="bbox 801 1039 1948 1159">
    <p class='ocr_par' dir='ltr' id='par_1_1' title="bbox 801 1039 1948 1159">
     <span class='ocr_line' id='line_1_1' title="bbox 801 1039 1948 1159; baseline 0.02 -43"><span class='ocrx_word' id='word_1_1' title='bbox 801 1045 878 1122; x_wconf 79' lang='lat' dir='ltr'>AL</span> <span class='ocrx_word' id='word_1_2' title='bbox 919 1043 1113 1118; x_wconf 78' lang='lat' dir='ltr'><strong>TOMO</strong></span> <span class='ocrx_word' id='word_1_3' title='bbox 1154 1039 1465 1144; x_wconf 60' lang='lat' dir='ltr'>QUAREO.</span> <span class='ocrx_word' id='word_1_4' title='bbox 1877 1078 1948 1159; x_wconf 83' lang='lat'>123</span> 
     </span>
    </p>
   </div>
   <div class='ocr_carea' id='block_1_2' title="bbox 328 1207 2002 4305">
    <p class='ocr_par' dir='ltr' id='par_1_2' title="bbox 328 1207 2002 4305">
     <span class='ocr_line' id='line_1_2' title="bbox 352 1207 1988 1315; baseline 0.007 -23"><span class='ocrx_word' id='word_1_5' title='bbox 352 1216 394 1292; x_wconf 87' lang='lat' dir='ltr'>tis</span> <span class='ocrx_word' id='word_1_6' title='bbox 419 1207 536 1290; x_wconf 78' lang='lat' dir='ltr'>forme</span> <span class='ocrx_word' id='word_1_7' title='bbox 561 1229 633 1293; x_wconf 87' lang='lat' dir='ltr'>tans</span> <span class='ocrx_word' id='word_1_8' title='bbox 655 1229 772 1292; x_wconf 86' lang='lat' dir='ltr'>sancte</span> <span class='ocrx_word' id='word_1_9' title='bbox 797 1213 948 1293; x_wconf 87' lang='lat' dir='ltr'>habuit:</span> <span class='ocrx_word' id='word_1_10' title='bbox 974 1235 1075 1309; x_wconf 90' lang='lat' dir='ltr'>quam</span> <span class='ocrx_word' id='word_1_11' title='bbox 1100 1214 1126 1288; x_wconf 91' lang='lat' dir='ltr'>si</span> <span class='ocrx_word' id='word_1_12' title='bbox 1143 1215 1291 1294; x_wconf 89' lang='lat' dir='ltr'>eodem:</span> <span class='ocrx_word' id='word_1_13' title='bbox 1319 1237 1389 1312; x_wconf 90' lang='lat' dir='ltr'>qno</span> <span class='ocrx_word' id='word_1_14' title='bbox 1415 1213 1485 1308; x_wconf 86' lang='lat' dir='ltr'>ipse</span> <span class='ocrx_word' id='word_1_15' title='bbox 1513 1233 1656 1312; x_wconf 85' lang='lat' dir='ltr'>parente</span> <span class='ocrx_word' id='word_1_16' title='bbox 1689 1222 1818 1315; x_wconf 79' lang='lat' dir='ltr'>genite</span> <span class='ocrx_word' id='word_1_17' title='bbox 1844 1223 1988 1304; x_wconf 87' lang='lat' dir='ltr'>forent.</span> 
     </span>
     <span class='ocr_line' id='line_1_3' title="bbox 352 1315 1990 1423; baseline 0.006 -31"><span class='ocrx_word' id='word_1_18' title='bbox 352 1319 395 1392; x_wconf 90' lang='lat' dir='ltr'>lo</span> <span class='ocrx_word' id='word_1_19' title='bbox 416 1315 515 1394; x_wconf 86' lang='lat' dir='ltr'>rebus</span> <span class='ocrx_word' id='word_1_20' title='bbox 537 1317 695 1414; x_wconf 84' lang='lat' dir='ltr'>getendrs</span> <span class='ocrx_word' id='word_1_21' title='bbox 719 1337 861 1394; x_wconf 89' lang='lat' dir='ltr'>omnem</span> <span class='ocrx_word' id='word_1_22' title='bbox 886 1315 1069 1390; x_wconf 77' lang='lat' dir='ltr'>adhibebat</span> <span class='ocrx_word' id='word_1_23' title='bbox 1109 1317 1348 1392; x_wconf 77' lang='lat' dir='ltr'>modestiam:</span> <span class='ocrx_word' id='word_1_24' title='bbox 1383 1317 1477 1412; x_wconf 90' lang='lat' dir='ltr'>quod</span> <span class='ocrx_word' id='word_1_25' title='bbox 1512 1322 1631 1394; x_wconf 90' lang='lat' dir='ltr'>omnia</span> <span class='ocrx_word' id='word_1_26' title='bbox 1673 1342 1742 1396; x_wconf 89' lang='lat' dir='ltr'>non</span> <span class='ocrx_word' id='word_1_27' title='bbox 1788 1332 1990 1423; x_wconf 82' lang='lat' dir='ltr'>properanti</span> 
     </span>
     <span class='ocr_line' id='line_1_4' title="bbox 354 1413 1985 1522; baseline 0.007 -32"><span class='ocrx_word' id='word_1_28' title='bbox 354 1415 448 1491; x_wconf 84' lang='lat' dir='ltr'>clara</span> <span class='ocrx_word' id='word_1_29' title='bbox 471 1435 552 1492; x_wconf 89' lang='lat' dir='ltr'>sunt</span> <span class='ocrx_word' id='word_1_30' title='bbox 577 1435 614 1494; x_wconf 91' lang='lat' dir='ltr'>et</span> <span class='ocrx_word' id='word_1_31' title='bbox 638 1435 758 1492; x_wconf 86' lang='lat' dir='ltr'>certa.</span> <span class='ocrx_word' id='word_1_32' title='bbox 787 1421 863 1515; x_wconf 79' lang='lat' dir='ltr'>elge</span> <span class='ocrx_word' id='word_1_33' title='bbox 886 1433 1011 1512; x_wconf 86' lang='lat' dir='ltr'>quanta</span> <span class='ocrx_word' id='word_1_34' title='bbox 1040 1429 1115 1489; x_wconf 86' lang='lat' dir='ltr'>erat</span> <span class='ocrx_word' id='word_1_35' title='bbox 1141 1413 1226 1490; x_wconf 86' lang='lat' dir='ltr'>illius</span> <span class='ocrx_word' id='word_1_36' title='bbox 1252 1416 1467 1492; x_wconf 89' lang='lat' dir='ltr'>clementia:</span> <span class='ocrx_word' id='word_1_37' title='bbox 1493 1437 1597 1512; x_wconf 90' lang='lat' dir='ltr'>quam</span> <span class='ocrx_word' id='word_1_38' title='bbox 1635 1441 1720 1516; x_wconf 85' lang='lat' dir='ltr'>erga</span> <span class='ocrx_word' id='word_1_39' title='bbox 1743 1445 1830 1498; x_wconf 91' lang='lat' dir='ltr'>eos:</span> <span class='ocrx_word' id='word_1_40' title='bbox 1854 1427 1912 1522; x_wconf 82' lang='lat' dir='ltr'>qui</span> <span class='ocrx_word' id='word_1_41' title='bbox 1939 1431 1985 1502; x_wconf 91' lang='lat' dir='ltr'>de</span> 
     </span>
     <span class='ocr_line' id='line_1_5' title="bbox 350 1513 1987 1616; baseline 0.006 -28"><span class='ocrx_word' id='word_1_42' title='bbox 350 1517 427 1610; x_wconf 91' lang='lat' dir='ltr'>ipso</span> <span class='ocrx_word' id='word_1_43' title='bbox 453 1516 560 1593; x_wconf 92' lang='lat' dir='ltr'>minus</span> <span class='ocrx_word' id='word_1_44' title='bbox 584 1515 740 1592; x_wconf 87' lang='lat' dir='ltr'>liberales</span> <span class='ocrx_word' id='word_1_45' title='bbox 765 1513 984 1610; x_wconf 86' lang='lat' dir='ltr'>proferebant</span> <span class='ocrx_word' id='word_1_46' title='bbox 1009 1534 1206 1590; x_wconf 79' lang='lat' dir='ltr'>sermones:</span> <span class='ocrx_word' id='word_1_47' title='bbox 1232 1534 1339 1610; x_wconf 74' lang='lat' dir='ltr'>prese</span> <span class='ocrx_word' id='word_1_48' title='bbox 1364 1513 1528 1592; x_wconf 87' lang='lat' dir='ltr'>ferebat:</span> <span class='ocrx_word' id='word_1_49' title='bbox 1552 1519 1669 1595; x_wconf 84' lang='lat' dir='ltr'>l‘otuit</span> <span class='ocrx_word' id='word_1_50' title='bbox 1693 1522 1987 1616; x_wconf 84' lang='lat' dir='ltr'>exquisitissimum</span> 
     </span>
     <span class='ocr_line' id='line_1_6' title="bbox 351 1613 1991 1710; baseline 0.004 -20"><span class='ocrx_word' id='word_1_51' title='bbox 351 1619 395 1690; x_wconf 92' lang='lat' dir='ltr'>de</span> <span class='ocrx_word' id='word_1_52' title='bbox 422 1616 731 1692; x_wconf 88' lang='lat' dir='ltr'>dectractatoribus</span> <span class='ocrx_word' id='word_1_53' title='bbox 754 1631 887 1690; x_wconf 87' lang='lat' dir='ltr'>sumere</span> <span class='ocrx_word' id='word_1_54' title='bbox 914 1614 1118 1710; x_wconf 88' lang='lat' dir='ltr'>supplicium</span> <span class='ocrx_word' id='word_1_55' title='bbox 1140 1615 1295 1690; x_wconf 89' lang='lat' dir='ltr'>omnibus</span> <span class='ocrx_word' id='word_1_56' title='bbox 1319 1613 1524 1710; x_wconf 74' lang='lat' dir='ltr'>ignoscebat</span> <span class='ocrx_word' id='word_1_57' title='bbox 1538 1665 1550 1688; x_wconf 87' lang='lat'>.</span> <span class='ocrx_word' id='word_1_58' title='bbox 1564 1615 1764 1698; x_wconf 78' lang='lat' dir='ltr'>Affirmabat</span> <span class='ocrx_word' id='word_1_59' title='bbox 1790 1622 1897 1698; x_wconf 89' lang='lat' dir='ltr'>bomo</span> <span class='ocrx_word' id='word_1_60' title='bbox 1916 1625 1991 1699; x_wconf 90' lang='lat' dir='ltr'>cle·</span> 
     </span>
     <span class='ocr_line' id='line_1_7' title="bbox 349 1715 1988 1822; baseline 0.005 -34"><span class='ocrx_word' id='word_1_61' title='bbox 349 1716 578 1796; x_wconf 80' lang='lat' dir='ltr'>meritissimus</span> <span class='ocrx_word' id='word_1_62' title='bbox 603 1715 755 1792; x_wconf 85' lang='lat' dir='ltr'>nullate</span> <span class='ocrx_word' id='word_1_63' title='bbox 780 1737 842 1790; x_wconf 91' lang='lat' dir='ltr'>nos</span> <span class='ocrx_word' id='word_1_64' title='bbox 867 1717 912 1792; x_wconf 90' lang='lat' dir='ltr'>ad</span> <span class='ocrx_word' id='word_1_65' title='bbox 938 1721 1041 1790; x_wconf 88' lang='lat' dir='ltr'>deum</span> <span class='ocrx_word' id='word_1_66' title='bbox 1068 1733 1166 1808; x_wconf 89' lang='lat' dir='ltr'>posse</span> <span class='ocrx_word' id='word_1_67' title='bbox 1192 1715 1327 1822; x_wconf 87' lang='lat' dir='ltr'>propius</span> <span class='ocrx_word' id='word_1_68' title='bbox 1341 1720 1529 1790; x_wconf 80' lang='lat' dir='ltr'>accedere:</span> <span class='ocrx_word' id='word_1_69' title='bbox 1546 1737 1649 1812; x_wconf 88' lang='lat' dir='ltr'>quam</span> <span class='ocrx_word' id='word_1_70' title='bbox 1667 1715 1804 1806; x_wconf 85' lang='lat' dir='ltr'>iniurias</span> <span class='ocrx_word' id='word_1_71' title='bbox 1829 1739 1988 1817; x_wconf 89' lang='lat' dir='ltr'>acceptas</span> 
     </span>
     <span class='ocr_line' id='line_1_8' title="bbox 350 1810 1985 1912; baseline 0.004 -24"><span class='ocrx_word' id='word_1_72' title='bbox 350 1835 401 1888; x_wconf 88' lang='lat' dir='ltr'>est</span> <span class='ocrx_word' id='word_1_73' title='bbox 428 1815 591 1892; x_wconf 85' lang='lat' dir='ltr'>memoria</span> <span class='ocrx_word' id='word_1_74' title='bbox 617 1816 850 1912; x_wconf 88' lang='lat' dir='ltr'>deponendo.</span> <span class='ocrx_word' id='word_1_75' title='bbox 875 1817 913 1890; x_wconf 92' lang='lat' dir='ltr'>ld</span> <span class='ocrx_word' id='word_1_76' title='bbox 938 1810 1110 1890; x_wconf 87' lang='lat' dir='ltr'>factitasse</span> <span class='ocrx_word' id='word_1_77' title='bbox 1132 1812 1402 1908; x_wconf 83' lang='lat' dir='ltr'>sapientissimos</span> <span class='ocrx_word' id='word_1_78' title='bbox 1425 1816 1541 1888; x_wconf 83' lang='lat' dir='ltr'>sitos:</span> <span class='ocrx_word' id='word_1_79' title='bbox 1568 1817 1762 1908; x_wconf 79' lang='lat' dir='ltr'>complures</span> <span class='ocrx_word' id='word_1_80' title='bbox 1787 1815 1888 1896; x_wconf 85' lang='lat' dir='ltr'>fuisse</span> <span class='ocrx_word' id='word_1_81' title='bbox 1915 1843 1985 1896; x_wconf 91' lang='lat' dir='ltr'>uon</span> 
     </span>
     <span class='ocr_line' id='line_1_9' title="bbox 352 1911 1989 2012; baseline 0.005 -26"><span class='ocrx_word' id='word_1_82' title='bbox 352 1914 503 2012; x_wconf 86' lang='lat' dir='ltr'>ignoro:</span> <span class='ocrx_word' id='word_1_83' title='bbox 529 1915 585 2011; x_wconf 93' lang='lat' dir='ltr'>qui</span> <span class='ocrx_word' id='word_1_84' title='bbox 610 1936 688 1989; x_wconf 88' lang='lat' dir='ltr'>cum</span> <span class='ocrx_word' id='word_1_85' title='bbox 713 1914 750 1989; x_wconf 93' lang='lat' dir='ltr'>in</span> <span class='ocrx_word' id='word_1_86' title='bbox 775 1915 922 1990; x_wconf 91' lang='lat' dir='ltr'>multum</span> <span class='ocrx_word' id='word_1_87' title='bbox 947 1916 1116 2007; x_wconf 75' lang='lat' dir='ltr'>potentia</span> <span class='ocrx_word' id='word_1_88' title='bbox 1141 1912 1352 1987; x_wconf 83' lang='lat' dir='ltr'>evasissent:</span> <span class='ocrx_word' id='word_1_89' title='bbox 1382 1931 1427 1984; x_wconf 88' lang='lat' dir='ltr'>ne</span> <span class='ocrx_word' id='word_1_90' title='bbox 1451 1911 1509 1984; x_wconf 91' lang='lat' dir='ltr'>ulli</span> <span class='ocrx_word' id='word_1_91' title='bbox 1537 1915 1676 2011; x_wconf 90' lang='lat' dir='ltr'>quidem</span> <span class='ocrx_word' id='word_1_92' title='bbox 1702 1920 1753 1992; x_wconf 91' lang='lat' dir='ltr'>sui</span> <span class='ocrx_word' id='word_1_93' title='bbox 1779 1921 1989 1997; x_wconf 82' lang='lat' dir='ltr'>conuenien-</span> 
     </span>
     <span class='ocr_line' id='line_1_10' title="bbox 350 2010 1989 2113; baseline 0.003 -25"><span class='ocrx_word' id='word_1_94' title='bbox 350 2017 387 2088; x_wconf 92' lang='lat' dir='ltr'>di</span> <span class='ocrx_word' id='word_1_95' title='bbox 413 2032 621 2110; x_wconf 88' lang='lat' dir='ltr'>potestatem</span> <span class='ocrx_word' id='word_1_96' title='bbox 643 2011 827 2090; x_wconf 88' lang='lat' dir='ltr'>fecerunt.</span> <span class='ocrx_word' id='word_1_97' title='bbox 854 2016 893 2089; x_wconf 92' lang='lat' dir='ltr'>ld</span> <span class='ocrx_word' id='word_1_98' title='bbox 918 2014 1011 2108; x_wconf 89' lang='lat' dir='ltr'>quod</span> <span class='ocrx_word' id='word_1_99' title='bbox 1039 2011 1192 2106; x_wconf 89' lang='lat' dir='ltr'>iniquum</span> <span class='ocrx_word' id='word_1_100' title='bbox 1217 2025 1271 2086; x_wconf 91' lang='lat' dir='ltr'>est</span> <span class='ocrx_word' id='word_1_101' title='bbox 1295 2028 1361 2083; x_wconf 87' lang='lat' dir='ltr'>nec</span> <span class='ocrx_word' id='word_1_102' title='bbox 1385 2010 1523 2105; x_wconf 88' lang='lat' dir='ltr'>optimo</span> <span class='ocrx_word' id='word_1_103' title='bbox 1539 2013 1679 2110; x_wconf 90' lang='lat' dir='ltr'>dignum</span> <span class='ocrx_word' id='word_1_104' title='bbox 1696 2018 1879 2113; x_wconf 82' lang='lat' dir='ltr'>principe.</span> <span class='ocrx_word' id='word_1_105' title='bbox 1902 2023 1989 2095; x_wconf 83' lang='lat' dir='ltr'>lau·</span> 
     </span>
     <span class='ocr_line' id='line_1_11' title="bbox 351 2105 1993 2220; baseline 0.002 -32"><span class='ocrx_word' id='word_1_106' title='bbox 351 2119 415 2188; x_wconf 92' lang='lat' dir='ltr'>dat</span> <span class='ocrx_word' id='word_1_107' title='bbox 442 2115 495 2188; x_wconf 86' lang='lat' dir='ltr'>M.</span> <span class='ocrx_word' id='word_1_108' title='bbox 520 2110 644 2188; x_wconf 85' lang='lat' dir='ltr'>Tullius</span> <span class='ocrx_word' id='word_1_109' title='bbox 669 2109 946 2202; x_wconf 86' lang='lat' dir='ltr'>etiurelaudat</span> <span class='ocrx_word' id='word_1_110' title='bbox 970 2114 1038 2187; x_wconf 90' lang='lat' dir='ltr'>Cn.</span> <span class='ocrx_word' id='word_1_111' title='bbox 1065 2105 1287 2220; x_wconf 49' lang='lat' dir='ltr'>lffompeium:</span> <span class='ocrx_word' id='word_1_112' title='bbox 1315 2109 1410 2207; x_wconf 91' lang='lat' dir='ltr'>quod</span> <span class='ocrx_word' id='word_1_113' title='bbox 1435 2111 1581 2187; x_wconf 89' lang='lat' dir='ltr'>adeum</span> <span class='ocrx_word' id='word_1_114' title='bbox 1617 2112 1827 2208; x_wconf 88' lang='lat' dir='ltr'>privatorum</span> <span class='ocrx_word' id='word_1_115' title='bbox 1871 2114 1993 2196; x_wconf 77' lang='lat' dir='ltr'>faciles</span> 
     </span>
     <span class='ocr_line' id='line_1_12' title="bbox 352 2209 1990 2314; baseline 0.001 -24"><span class='ocrx_word' id='word_1_116' title='bbox 352 2229 453 2290; x_wconf 87' lang='lat' dir='ltr'>stant</span> <span class='ocrx_word' id='word_1_117' title='bbox 476 2213 584 2292; x_wconf 87' lang='lat' dir='ltr'>aditus</span> <span class='ocrx_word' id='word_1_118' title='bbox 607 2231 647 2288; x_wconf 89' lang='lat' dir='ltr'>et</span> <span class='ocrx_word' id='word_1_119' title='bbox 670 2211 784 2288; x_wconf 89' lang='lat' dir='ltr'>liberte</span> <span class='ocrx_word' id='word_1_120' title='bbox 808 2212 853 2288; x_wconf 90' lang='lat' dir='ltr'>de</span> <span class='ocrx_word' id='word_1_121' title='bbox 877 2211 1021 2285; x_wconf 88' lang='lat' dir='ltr'>aliorum</span> <span class='ocrx_word' id='word_1_122' title='bbox 1047 2209 1172 2297; x_wconf 70' lang='lat' dir='ltr'>iniuriis</span> <span class='ocrx_word' id='word_1_123' title='bbox 1195 2210 1441 2306; x_wconf 76' lang='lat' dir='ltr'>querimoniae:</span> <span class='ocrx_word' id='word_1_124' title='bbox 1469 2226 1509 2285; x_wconf 90' lang='grc' dir='ltr'>ιιι</span> <span class='ocrx_word' id='word_1_125' title='bbox 1533 2209 1592 2308; x_wconf 91' lang='lat' dir='ltr'>qui</span> <span class='ocrx_word' id='word_1_126' title='bbox 1618 2214 1788 2308; x_wconf 78' lang='lat' dir='ltr'>dignitate</span> <span class='ocrx_word' id='word_1_127' title='bbox 1828 2216 1990 2314; x_wconf 87' lang='lat' dir='ltr'>principi·</span> 
     </span>
     <span class='ocr_line' id='line_1_13' title="bbox 328 2306 1987 2408; baseline 0.002 -20"><span class='ocrx_word' id='word_1_128' title='bbox 328 2312 414 2388; x_wconf 86' lang='lat' dir='ltr'>·bus</span> <span class='ocrx_word' id='word_1_129' title='bbox 433 2311 691 2390; x_wconf 76' lang='lat' dir='ltr'>antecellebat:</span> <span class='ocrx_word' id='word_1_130' title='bbox 716 2312 749 2387; x_wconf 93' lang='lat' dir='ltr'>1s</span> <span class='ocrx_word' id='word_1_131' title='bbox 772 2307 941 2386; x_wconf 81' lang='lat' dir='ltr'>facilitate</span> <span class='ocrx_word' id='word_1_132' title='bbox 965 2333 1027 2408; x_wconf 89' lang='lat' dir='ltr'>par</span> <span class='ocrx_word' id='word_1_133' title='bbox 1052 2306 1175 2382; x_wconf 85' lang='lat' dir='ltr'>infimis</span> <span class='ocrx_word' id='word_1_134' title='bbox 1199 2331 1271 2386; x_wconf 89' lang='lat' dir='ltr'>esse</span> <span class='ocrx_word' id='word_1_135' title='bbox 1290 2310 1484 2386; x_wconf 88' lang='lat' dir='ltr'>videretur.</span> <span class='ocrx_word' id='word_1_136' title='bbox 1511 2312 1575 2387; x_wconf 86' lang='lat' dir='ltr'>Vnt</span> <span class='ocrx_word' id='word_1_137' title='bbox 1603 2312 1669 2386; x_wconf 83' lang='lat' dir='ltr'>cibi</span> <span class='ocrx_word' id='word_1_138' title='bbox 1691 2316 1865 2390; x_wconf 86' lang='lat' dir='ltr'>desiderio</span> <span class='ocrx_word' id='word_1_139' title='bbox 1889 2321 1987 2391; x_wconf 89' lang='lat' dir='ltr'>satis·</span> 
     </span>
     <span class='ocr_line' id='line_1_14' title="bbox 351 2407 1992 2512; baseline 0.001 -24"><span class='ocrx_word' id='word_1_140' title='bbox 351 2409 511 2496; x_wconf 83' lang='lat' dir='ltr'>lecerat:</span> <span class='ocrx_word' id='word_1_141' title='bbox 536 2435 614 2490; x_wconf 85' lang='lat' dir='ltr'>enm</span> <span class='ocrx_word' id='word_1_142' title='bbox 641 2411 698 2508; x_wconf 86' lang='lat' dir='ltr'>qni</span> <span class='ocrx_word' id='word_1_143' title='bbox 725 2407 844 2501; x_wconf 85' lang='lat' dir='ltr'>injuria</span> <span class='ocrx_word' id='word_1_144' title='bbox 867 2407 1207 2485; x_wconf 86' lang='lat' dir='ltr'>lacessebantur:lris</span> <span class='ocrx_word' id='word_1_145' title='bbox 1232 2410 1327 2504; x_wconf 89' lang='lat' dir='ltr'>queri</span> <span class='ocrx_word' id='word_1_146' title='bbox 1353 2415 1444 2504; x_wconf 90' lang='lat' dir='ltr'>apud</span> <span class='ocrx_word' id='word_1_147' title='bbox 1468 2410 1576 2504; x_wconf 91' lang='lat' dir='ltr'>ipsum</span> <span class='ocrx_word' id='word_1_148' title='bbox 1600 2408 1774 2510; x_wconf 87' lang='lat' dir='ltr'>integrum</span> <span class='ocrx_word' id='word_1_149' title='bbox 1791 2432 1886 2490; x_wconf 88' lang='lat' dir='ltr'>erat:</span> <span class='ocrx_word' id='word_1_150' title='bbox 1903 2439 1992 2512; x_wconf 91' lang='lat' dir='ltr'>quo·</span> 
     </span>
     <span class='ocr_line' id='line_1_15' title="bbox 352 2508 1991 2608; baseline 0.002 -20"><span class='ocrx_word' id='word_1_151' title='bbox 352 2533 427 2588; x_wconf 88' lang='lat' dir='ltr'>rum</span> <span class='ocrx_word' id='word_1_152' title='bbox 451 2512 553 2588; x_wconf 85' lang='lat' dir='ltr'>verba</span> <span class='ocrx_word' id='word_1_153' title='bbox 577 2515 723 2588; x_wconf 87' lang='lat' dir='ltr'>humane</span> <span class='ocrx_word' id='word_1_154' title='bbox 747 2511 959 2608; x_wconf 83' lang='lat' dir='ltr'>benigneque</span> <span class='ocrx_word' id='word_1_155' title='bbox 998 2510 1131 2602; x_wconf 88' lang='lat' dir='ltr'>auribus</span> <span class='ocrx_word' id='word_1_156' title='bbox 1165 2508 1399 2584; x_wconf 83' lang='lat' dir='ltr'>admouebat.</span> <span class='ocrx_word' id='word_1_157' title='bbox 1424 2511 1512 2585; x_wconf 89' lang='lat' dir='ltr'>Non</span> <span class='ocrx_word' id='word_1_158' title='bbox 1548 2510 1733 2588; x_wconf 90' lang='lat' dir='ltr'>insolentia</span> <span class='ocrx_word' id='word_1_159' title='bbox 1773 2514 1991 2592; x_wconf 81' lang='lat' dir='ltr'>ducebatur:</span> 
     </span>
     <span class='ocr_line' id='line_1_16' title="bbox 354 2606 1989 2707; baseline 0.004 -23"><span class='ocrx_word' id='word_1_160' title='bbox 354 2633 425 2685; x_wconf 89' lang='lat' dir='ltr'>nou</span> <span class='ocrx_word' id='word_1_161' title='bbox 452 2612 596 2706; x_wconf 83' lang='lat' dir='ltr'>pecnnia</span> <span class='ocrx_word' id='word_1_162' title='bbox 619 2613 838 2707; x_wconf 85' lang='lat' dir='ltr'>capiebatur.</span> <span class='ocrx_word' id='word_1_163' title='bbox 865 2612 1038 2705; x_wconf 86' lang='lat' dir='ltr'>Quotiens</span> <span class='ocrx_word' id='word_1_164' title='bbox 1063 2611 1108 2682; x_wconf 87' lang='lat' dir='ltr'>ab</span> <span class='ocrx_word' id='word_1_165' title='bbox 1132 2629 1177 2682; x_wconf 92' lang='lat' dir='ltr'>eo</span> <span class='ocrx_word' id='word_1_166' title='bbox 1199 2631 1265 2683; x_wconf 83' lang='lat' dir='ltr'>toa</span> <span class='ocrx_word' id='word_1_167' title='bbox 1292 2606 1352 2679; x_wconf 94' lang='lat' dir='ltr'>illa</span> <span class='ocrx_word' id='word_1_168' title='bbox 1376 2608 1498 2683; x_wconf 85' lang='lat' dir='ltr'>emissa</span> <span class='ocrx_word' id='word_1_169' title='bbox 1521 2613 1606 2684; x_wconf 79' lang='lat' dir='ltr'>esti</span> <span class='ocrx_word' id='word_1_170' title='bbox 1634 2612 1725 2686; x_wconf 89' lang='lat' dir='ltr'>Mihi</span> <span class='ocrx_word' id='word_1_171' title='bbox 1766 2632 1887 2690; x_wconf 89' lang='lat' dir='ltr'>natura</span> <span class='ocrx_word' id='word_1_172' title='bbox 1925 2621 1989 2692; x_wconf 91' lang='lat' dir='ltr'>da·</span> 
     </span>
     <span class='ocr_line' id='line_1_17' title="bbox 351 2705 1989 2809; baseline 0.001 -22"><span class='ocrx_word' id='word_1_173' title='bbox 351 2728 427 2787; x_wconf 89' lang='lat' dir='ltr'>tum</span> <span class='ocrx_word' id='word_1_174' title='bbox 447 2731 500 2788; x_wconf 90' lang='lat' dir='ltr'>est</span> <span class='ocrx_word' id='word_1_175' title='bbox 525 2712 691 2792; x_wconf 90' lang='lat' dir='ltr'>bonorum</span> <span class='ocrx_word' id='word_1_176' title='bbox 713 2711 830 2786; x_wconf 91' lang='lat' dir='ltr'>studiis</span> <span class='ocrx_word' id='word_1_177' title='bbox 854 2712 1019 2806; x_wconf 89' lang='lat' dir='ltr'>obsequi:</span> <span class='ocrx_word' id='word_1_178' title='bbox 1060 2710 1104 2784; x_wconf 91' lang='lat' dir='ltr'>de</span> <span class='ocrx_word' id='word_1_179' title='bbox 1142 2705 1264 2782; x_wconf 86' lang='lat' dir='ltr'>nullius</span> <span class='ocrx_word' id='word_1_180' title='bbox 1299 2705 1470 2804; x_wconf 84' lang='lat' dir='ltr'>dignitate</span> <span class='ocrx_word' id='word_1_181' title='bbox 1508 2707 1718 2786; x_wconf 84' lang='lat' dir='ltr'>detrahere:</span> <span class='ocrx_word' id='word_1_182' title='bbox 1748 2736 1869 2809; x_wconf 86' lang='lat' dir='ltr'>pacem</span> <span class='ocrx_word' id='word_1_183' title='bbox 1889 2736 1989 2790; x_wconf 89' lang='lat' dir='ltr'>com·</span> 
     </span>
     <span class='ocr_line' id='line_1_18' title="bbox 352 2805 1990 3007; baseline 0.002 -25"><span class='ocrx_word' id='word_1_184' title='bbox 352 2811 1009 3007; x_wconf 55' lang='lat' dir='ltr'>stirnli‘slilliniti?</span> <span class='ocrx_word' id='word_1_185' title='bbox 1024 2807 1218 2984; x_wconf 59' lang='lat' dir='ltr'>itini:</span> <span class='ocrx_word' id='word_1_186' title='bbox 1233 2805 1990 2988; x_wconf 57' lang='lat' dir='ltr'>llil?‘liblnll‘nilnntt</span> 
     </span>
     <span class='ocr_line' id='line_1_19' title="bbox 353 3006 1990 3110; baseline 0.003 -27"><span class='ocrx_word' id='word_1_187' title='bbox 353 3023 507 3084; x_wconf 90' lang='lat' dir='ltr'>teneat:</span> <span class='ocrx_word' id='word_1_188' title='bbox 533 3030 613 3086; x_wconf 89' lang='lat' dir='ltr'>cum</span> <span class='ocrx_word' id='word_1_189' title='bbox 638 3013 695 3108; x_wconf 89' lang='lat' dir='ltr'>qui</span> <span class='ocrx_word' id='word_1_190' title='bbox 721 3009 922 3109; x_wconf 86' lang='lat' dir='ltr'>dignitatem</span> <span class='ocrx_word' id='word_1_191' title='bbox 949 3009 1080 3083; x_wconf 88' lang='lat' dir='ltr'>laudern</span> <span class='ocrx_word' id='word_1_192' title='bbox 1114 3006 1260 3105; x_wconf 78' lang='lat' dir='ltr'>gloriam</span> <span class='ocrx_word' id='word_1_193' title='bbox 1300 3022 1459 3102; x_wconf 81' lang='lat' dir='ltr'>quaerunt</span> <span class='ocrx_word' id='word_1_194' title='bbox 1494 3006 1569 3080; x_wconf 77' lang='lat' dir='ltr'>bec</span> <span class='ocrx_word' id='word_1_195' title='bbox 1602 3012 1727 3087; x_wconf 88' lang='lat' dir='ltr'>eadem</span> <span class='ocrx_word' id='word_1_196' title='bbox 1770 3011 1846 3084; x_wconf 92' lang='lat' dir='ltr'>illos</span> <span class='ocrx_word' id='word_1_197' title='bbox 1882 3034 1990 3110; x_wconf 89' lang='lat' dir='ltr'>agere</span> 
     </span>
     <span class='ocr_line' id='line_1_20' title="bbox 351 3107 1992 3308; baseline 0.002 -28"><span class='ocrx_word' id='word_1_198' title='bbox 351 3107 1608 3308; x_wconf 48' lang='lat' dir='ltr'>tnldndr.infinibilis:“tnrltlilnltsllzlit.</span> <span class='ocrx_word' id='word_1_199' title='bbox 1626 3129 1992 3291; x_wconf 63' lang='lat' dir='ltr'>,nlllltlld</span> 
     </span>
     <span class='ocr_line' id='line_1_21' title="bbox 349 3304 1994 3406; baseline -0.001 -22"><span class='ocrx_word' id='word_1_200' title='bbox 349 3308 532 3384; x_wconf 87' lang='lat' dir='ltr'>suetudine</span> <span class='ocrx_word' id='word_1_201' title='bbox 555 3307 823 3385; x_wconf 88' lang='lat' dir='ltr'>delectabatur:</span> <span class='ocrx_word' id='word_1_202' title='bbox 847 3309 905 3406; x_wconf 93' lang='lat' dir='ltr'>qui</span> <span class='ocrx_word' id='word_1_203' title='bbox 930 3310 1039 3385; x_wconf 90' lang='lat' dir='ltr'>omnis</span> <span class='ocrx_word' id='word_1_204' title='bbox 1063 3304 1169 3382; x_wconf 88' lang='lat' dir='ltr'>officii</span> <span class='ocrx_word' id='word_1_205' title='bbox 1193 3324 1295 3382; x_wconf 88' lang='lat' dir='ltr'>etant</span> <span class='ocrx_word' id='word_1_206' title='bbox 1319 3305 1567 3402; x_wconf 85' lang='lat' dir='ltr'>diligentissimi</span> <span class='ocrx_word' id='word_1_207' title='bbox 1591 3307 1650 3404; x_wconf 91' lang='lat' dir='ltr'>qui</span> <span class='ocrx_word' id='word_1_208' title='bbox 1676 3306 1785 3389; x_wconf 87' lang='lat' dir='ltr'>solam</span> <span class='ocrx_word' id='word_1_209' title='bbox 1827 3308 1994 3385; x_wconf 86' lang='lat' dir='ltr'>virtutem</span> 
     </span>
     <span class='ocr_line' id='line_1_22' title="bbox 353 3404 1996 3506; baseline -0.001 -26"><span class='ocrx_word' id='word_1_210' title='bbox 353 3404 540 3482; x_wconf 88' lang='lat' dir='ltr'>colendam</span> <span class='ocrx_word' id='word_1_211' title='bbox 564 3407 840 3484; x_wconf 85' lang='lat' dir='ltr'>arbitrabantur.</span> <span class='ocrx_word' id='word_1_212' title='bbox 868 3407 1040 3486; x_wconf 84' lang='lat' dir='ltr'>Facillime</span> <span class='ocrx_word' id='word_1_213' title='bbox 1066 3404 1226 3506; x_wconf 87' lang='lat' dir='ltr'>profecto</span> <span class='ocrx_word' id='word_1_214' title='bbox 1248 3425 1287 3500; x_wconf 86' lang='lat' dir='ltr'>et</span> <span class='ocrx_word' id='word_1_215' title='bbox 1312 3405 1347 3480; x_wconf 93' lang='lat' dir='ltr'>in</span> <span class='ocrx_word' id='word_1_216' title='bbox 1372 3406 1542 3500; x_wconf 87' lang='lat' dir='ltr'>optimam</span> <span class='ocrx_word' id='word_1_217' title='bbox 1568 3424 1726 3500; x_wconf 85' lang='lat' dir='ltr'>partem:</span> <span class='ocrx_word' id='word_1_218' title='bbox 1745 3425 1785 3484; x_wconf 92' lang='lat' dir='ltr'>ut</span> <span class='ocrx_word' id='word_1_219' title='bbox 1807 3407 1915 3482; x_wconf 85' lang='lat' dir='ltr'>serbis</span> <span class='ocrx_word' id='word_1_220' title='bbox 1933 3407 1996 3481; x_wconf 83' lang='lat' dir='ltr'>Ci-</span> 
     </span>
     <span class='ocr_line' id='line_1_23' title="bbox 354 3505 1999 3609; baseline 0 -29"><span class='ocrx_word' id='word_1_221' title='bbox 354 3508 490 3584; x_wconf 89' lang='lat' dir='ltr'>ceronis</span> <span class='ocrx_word' id='word_1_222' title='bbox 516 3521 591 3580; x_wconf 89' lang='lat' dir='ltr'>utar</span> <span class='ocrx_word' id='word_1_223' title='bbox 617 3527 874 3609; x_wconf 88' lang='lat' dir='ltr'>cognoscuntur</span> <span class='ocrx_word' id='word_1_224' title='bbox 898 3509 1160 3586; x_wconf 86' lang='lat' dir='ltr'>adolescentes:</span> <span class='ocrx_word' id='word_1_225' title='bbox 1183 3507 1242 3603; x_wconf 88' lang='lat' dir='ltr'>qui</span> <span class='ocrx_word' id='word_1_226' title='bbox 1267 3529 1303 3582; x_wconf 89' lang='lat' dir='ltr'>se</span> <span class='ocrx_word' id='word_1_227' title='bbox 1328 3509 1372 3581; x_wconf 90' lang='lat' dir='ltr'>ad</span> <span class='ocrx_word' id='word_1_228' title='bbox 1396 3505 1510 3584; x_wconf 89' lang='lat' dir='ltr'>clatos</span> <span class='ocrx_word' id='word_1_229' title='bbox 1531 3520 1569 3581; x_wconf 88' lang='lat' dir='ltr'>et</span> <span class='ocrx_word' id='word_1_230' title='bbox 1591 3507 1766 3602; x_wconf 88' lang='lat' dir='ltr'>sapientes</span> <span class='ocrx_word' id='word_1_231' title='bbox 1792 3510 1885 3582; x_wconf 87' lang='lat' dir='ltr'>uiros</span> <span class='ocrx_word' id='word_1_232' title='bbox 1909 3529 1999 3582; x_wconf 90' lang='lat' dir='ltr'>con·</span> 
     </span>
     <span class='ocr_line' id='line_1_24' title="bbox 354 3602 1997 3705; baseline 0.001 -27"><span class='ocrx_word' id='word_1_233' title='bbox 354 3602 502 3682; x_wconf 85' lang='lat' dir='ltr'>ferunt:</span> <span class='ocrx_word' id='word_1_234' title='bbox 528 3607 622 3701; x_wconf 90' lang='lat' dir='ltr'>quod</span> <span class='ocrx_word' id='word_1_235' title='bbox 647 3609 849 3705; x_wconf 84' lang='lat' dir='ltr'>opinionem</span> <span class='ocrx_word' id='word_1_236' title='bbox 877 3605 1022 3684; x_wconf 83' lang='lat' dir='ltr'>afferunt</span> <span class='ocrx_word' id='word_1_237' title='bbox 1047 3605 1203 3705; x_wconf 88' lang='lat' dir='ltr'>populo:</span> <span class='ocrx_word' id='word_1_238' title='bbox 1227 3627 1264 3680; x_wconf 89' lang='lat' dir='ltr'>se</span> <span class='ocrx_word' id='word_1_239' title='bbox 1289 3627 1434 3681; x_wconf 87' lang='lat' dir='ltr'>cotum:</span> <span class='ocrx_word' id='word_1_240' title='bbox 1469 3625 1614 3702; x_wconf 88' lang='lat' dir='ltr'>quorum</span> <span class='ocrx_word' id='word_1_241' title='bbox 1652 3606 1887 3683; x_wconf 81' lang='lat' dir='ltr'>familiaritate</span> <span class='ocrx_word' id='word_1_242' title='bbox 1922 3625 1997 3680; x_wconf 81' lang='lat' dir='ltr'>ute·</span> 
     </span>
     <span class='ocr_line' id='line_1_25' title="bbox 356 3703 1998 3805; baseline 0 -26"><span class='ocrx_word' id='word_1_243' title='bbox 356 3705 514 3780; x_wconf 87' lang='lat' dir='ltr'>buntur:</span> <span class='ocrx_word' id='word_1_244' title='bbox 541 3707 630 3782; x_wconf 88' lang='lat' dir='ltr'>lsassd</span> <span class='ocrx_word' id='word_1_245' title='bbox 657 3708 832 3785; x_wconf 89' lang='lat' dir='ltr'>dissimiles</span> <span class='ocrx_word' id='word_1_246' title='bbox 857 3704 960 3786; x_wconf 87' lang='lat' dir='ltr'>fore.</span> <span class='ocrx_word' id='word_1_247' title='bbox 984 3710 1191 3805; x_wconf 87' lang='lat' dir='ltr'>Longiotem</span> <span class='ocrx_word' id='word_1_248' title='bbox 1217 3703 1362 3782; x_wconf 85' lang='lat' dir='ltr'>fortasse</span> <span class='ocrx_word' id='word_1_249' title='bbox 1387 3703 1585 3782; x_wconf 90' lang='lat' dir='ltr'>orationem</span> <span class='ocrx_word' id='word_1_250' title='bbox 1622 3707 1844 3782; x_wconf 75' lang='lat' dir='ltr'>moctimimae</span> <span class='ocrx_word' id='word_1_251' title='bbox 1871 3705 1998 3780; x_wconf 89' lang='lat' dir='ltr'>Hiero·</span> 
     </span>
     <span class='ocr_line' id='line_1_26' title="bbox 355 3801 1999 3903; baseline -0.003 -23"><span class='ocrx_word' id='word_1_252' title='bbox 355 3805 450 3900; x_wconf 82' lang='lat' dir='ltr'>nymi</span> <span class='ocrx_word' id='word_1_253' title='bbox 475 3801 633 3882; x_wconf 83' lang='lat' dir='ltr'>actiones</span> <span class='ocrx_word' id='word_1_254' title='bbox 660 3807 900 3901; x_wconf 87' lang='lat' dir='ltr'>postulabant.</span> <span class='ocrx_word' id='word_1_255' title='bbox 926 3809 994 3884; x_wconf 87' lang='lat' dir='ltr'>Sed</span> <span class='ocrx_word' id='word_1_256' title='bbox 1020 3829 1075 3884; x_wconf 86' lang='lat' dir='ltr'>me</span> <span class='ocrx_word' id='word_1_257' title='bbox 1100 3805 1137 3882; x_wconf 91' lang='lat' dir='ltr'>in</span> <span class='ocrx_word' id='word_1_258' title='bbox 1163 3805 1237 3901; x_wconf 91' lang='lat' dir='ltr'>ipso</span> <span class='ocrx_word' id='word_1_259' title='bbox 1262 3807 1430 3881; x_wconf 89' lang='lat' dir='ltr'>orationis</span> <span class='ocrx_word' id='word_1_260' title='bbox 1452 3826 1550 3878; x_wconf 86' lang='lat' dir='ltr'>cursu</span> <span class='ocrx_word' id='word_1_261' title='bbox 1574 3804 1675 3880; x_wconf 89' lang='lat' dir='ltr'>dolor</span> <span class='ocrx_word' id='word_1_262' title='bbox 1699 3805 1855 3903; x_wconf 87' lang='lat' dir='ltr'>reprimit</span> <span class='ocrx_word' id='word_1_263' title='bbox 1871 3803 1999 3877; x_wconf 87' lang='lat' dir='ltr'>utnul-</span> 
     </span>
     <span class='ocr_line' id='line_1_27' title="bbox 354 3901 1998 4002; baseline -0.002 -23"><span class='ocrx_word' id='word_1_264' title='bbox 354 3903 428 3979; x_wconf 93' lang='lat' dir='ltr'>lum</span> <span class='ocrx_word' id='word_1_265' title='bbox 454 3903 579 4000; x_wconf 90' lang='lat' dir='ltr'>possim</span> <span class='ocrx_word' id='word_1_266' title='bbox 605 3905 748 4002; x_wconf 88' lang='lat' dir='ltr'>amplius</span> <span class='ocrx_word' id='word_1_267' title='bbox 774 3909 912 3985; x_wconf 86' lang='lat' dir='ltr'>verbum</span> <span class='ocrx_word' id='word_1_268' title='bbox 938 3907 1128 3983; x_wconf 89' lang='lat' dir='ltr'>emittere.</span> <span class='ocrx_word' id='word_1_269' title='bbox 1154 3909 1273 3981; x_wconf 85' lang='lat' dir='ltr'>Homo</span> <span class='ocrx_word' id='word_1_270' title='bbox 1297 3903 1389 3981; x_wconf 88' lang='lat' dir='ltr'>enim</span> <span class='ocrx_word' id='word_1_271' title='bbox 1416 3929 1487 3979; x_wconf 87' lang='lat' dir='ltr'>um</span> <span class='ocrx_word' id='word_1_272' title='bbox 1511 3905 1713 3983; x_wconf 66' lang='lat' dir='ltr'>et‘bumani</span> <span class='ocrx_word' id='word_1_273' title='bbox 1738 3901 1822 3983; x_wconf 86' lang='lat' dir='ltr'>nibil</span> <span class='ocrx_word' id='word_1_274' title='bbox 1843 3920 1998 3994; x_wconf 83' lang='lat' dir='ltr'>,orcum</span> 
     </span>
     <span class='ocr_line' id='line_1_28' title="bbox 355 4003 2002 4104; baseline -0.002 -25"><span class='ocrx_word' id='word_1_275' title='bbox 355 4004 567 4080; x_wconf 86' lang='lat' dir='ltr'>Terentiano</span> <span class='ocrx_word' id='word_1_276' title='bbox 592 4008 780 4084; x_wconf 81' lang='lat' dir='ltr'>Chremeta</span> <span class='ocrx_word' id='word_1_277' title='bbox 805 4010 926 4104; x_wconf 86' lang='lat' dir='ltr'>loquar</span> <span class='ocrx_word' id='word_1_278' title='bbox 949 4032 970 4082; x_wconf 92' lang='lat' dir='ltr'>a</span> <span class='ocrx_word' id='word_1_279' title='bbox 997 4031 1053 4084; x_wconf 86' lang='lat' dir='ltr'>mc</span> <span class='ocrx_word' id='word_1_280' title='bbox 1078 4006 1225 4082; x_wconf 90' lang='lat' dir='ltr'>alienum</span> <span class='ocrx_word' id='word_1_281' title='bbox 1252 4024 1357 4099; x_wconf 84' lang='lat' dir='ltr'>puto.</span> <span class='ocrx_word' id='word_1_282' title='bbox 1377 4006 1504 4079; x_wconf 91' lang='lat' dir='ltr'>Verum</span> <span class='ocrx_word' id='word_1_283' title='bbox 1529 4006 1611 4079; x_wconf 88' lang='lat' dir='ltr'>satis</span> <span class='ocrx_word' id='word_1_284' title='bbox 1632 4026 1805 4103; x_wconf 83' lang='lat' dir='ltr'>superque</span> <span class='ocrx_word' id='word_1_285' title='bbox 1821 4022 1875 4077; x_wconf 88' lang='lat' dir='ltr'>est</span> <span class='ocrx_word' id='word_1_286' title='bbox 1891 4026 1906 4078; x_wconf 91' lang='lat'>:</span> <span class='ocrx_word' id='word_1_287' title='bbox 1923 4003 2002 4099; x_wconf 90' lang='lat' dir='ltr'>qui·</span> 
     </span>
     <span class='ocr_line' id='line_1_29' title="bbox 355 4099 1997 4197; baseline -0.002 -20"><span class='ocrx_word' id='word_1_288' title='bbox 355 4101 417 4177; x_wconf 87' lang='lat' dir='ltr'>bns</span> <span class='ocrx_word' id='word_1_289' title='bbox 443 4099 545 4178; x_wconf 89' lang='lat' dir='ltr'>fuerit</span> <span class='ocrx_word' id='word_1_290' title='bbox 572 4107 749 4181; x_wconf 82' lang='lat' dir='ltr'>virtutibns</span> <span class='ocrx_word' id='word_1_291' title='bbox 775 4126 939 4182; x_wconf 88' lang='lat' dir='ltr'>ornatus:</span> <span class='ocrx_word' id='word_1_292' title='bbox 966 4106 1197 4183; x_wconf 78' lang='lat' dir='ltr'>intellexisse.</span> <span class='ocrx_word' id='word_1_293' title='bbox 1228 4104 1425 4179; x_wconf 84' lang='lat' dir='ltr'>Extremum</span> <span class='ocrx_word' id='word_1_294' title='bbox 1453 4102 1539 4177; x_wconf 90' lang='lat' dir='ltr'>illnd</span> <span class='ocrx_word' id='word_1_295' title='bbox 1564 4120 1647 4180; x_wconf 88' lang='lat' dir='ltr'>est:</span> <span class='ocrx_word' id='word_1_296' title='bbox 1672 4119 1713 4179; x_wconf 88' lang='lat' dir='ltr'>ut</span> <span class='ocrx_word' id='word_1_297' title='bbox 1739 4108 1856 4181; x_wconf 89' lang='lat' dir='ltr'>Deum</span> <span class='ocrx_word' id='word_1_298' title='bbox 1885 4100 1997 4197; x_wconf 85' lang='lat' dir='ltr'>preci·</span> 
     </span>
     <span class='ocr_line' id='line_1_30' title="bbox 354 4203 1464 4305; baseline 0 -28"><span class='ocrx_word' id='word_1_299' title='bbox 354 4203 444 4279; x_wconf 88' lang='lat' dir='ltr'>bus:</span> <span class='ocrx_word' id='word_1_300' title='bbox 469 4226 540 4300; x_wconf 89' lang='lat' dir='ltr'>quo</span> <span class='ocrx_word' id='word_1_301' title='bbox 564 4204 623 4283; x_wconf 90' lang='lat' dir='ltr'>ille</span> <span class='ocrx_word' id='word_1_302' title='bbox 646 4207 833 4283; x_wconf 73' lang='lat' dir='ltr'>celestium</span> <span class='ocrx_word' id='word_1_303' title='bbox 858 4228 1037 4284; x_wconf 90' lang='lat' dir='ltr'>numerum</span> <span class='ocrx_word' id='word_1_304' title='bbox 1063 4224 1190 4305; x_wconf 79' lang='lat' dir='ltr'>augeat</span> <span class='ocrx_word' id='word_1_305' title='bbox 1216 4206 1464 4279; x_wconf 87' lang='lat' dir='ltr'>obsecremus.</span> 
     </span>
    </p>
   </div>
   <div class='ocr_carea' id='block_1_3' title="bbox 1100 4403 1222 4477">
    <p class='ocr_par' dir='ltr' id='par_1_3' title="bbox 1100 4403 1222 4477">
     <span class='ocr_line' id='line_1_31' title="bbox 1100 4403 1222 4477; baseline -0.008 -2"><span class='ocrx_word' id='word_1_306' title='bbox 1100 4403 1193 4477; x_wconf 80' lang='lat' dir='ltr'>Dixi</span> <span class='ocrx_word' id='word_1_307' title='bbox 1210 4453 1222 4474; x_wconf 92' lang='lat'>.</span> 
     </span>
    </p>
   </div>
   <div class='ocr_carea' id='block_1_4' title="bbox 699 4622 1624 4766">
    <p class='ocr_par' dir='ltr' id='par_1_4' title="bbox 699 4622 1624 4766">
     <span class='ocr_line' id='line_1_32' title="bbox 699 4622 1624 4766; baseline 0.002 -27"><span class='ocrx_word' id='word_1_308' title='bbox 699 4652 841 4743; x_wconf 78' lang='lat' dir='ltr'>Oratio</span> <span class='ocrx_word' id='word_1_309' title='bbox 869 4655 1050 4741; x_wconf 84' lang='lat' dir='ltr'>Fssnebris</span> <span class='ocrx_word' id='word_1_310' title='bbox 1073 4678 1146 4766; x_wconf 85' lang='lat' dir='ltr'>pro</span> <span class='ocrx_word' id='word_1_311' title='bbox 1165 4622 1416 4737; x_wconf 66' lang='lat' dir='ltr'>&#39;Andronico</span> <span class='ocrx_word' id='word_1_312' title='bbox 1445 4652 1624 4741; x_wconf 82' lang='lat' dir='ltr'>Milano.</span> 
     </span>
    </p>
   </div>
   <div class='ocr_carea' id='block_1_5' title="bbox 317 4878 2057 6481">
    <p class='ocr_par' dir='ltr' id='par_1_5' title="bbox 317 4878 2005 5063">
     <span class='ocr_line' id='line_1_33' title="bbox 317 4878 2005 5063; baseline 0.003 -101"><span class='ocrx_word' id='word_1_313' title='bbox 317 4892 490 5063; x_wconf 84' lang='lat' dir='ltr'>Summa</span> <span class='ocrx_word' id='word_1_314' title='bbox 513 4903 592 4980; x_wconf 83' lang='lat' dir='ltr'>qus:</span> <span class='ocrx_word' id='word_1_315' title='bbox 616 4883 701 4959; x_wconf 88' lang='lat' dir='ltr'>mibi</span> <span class='ocrx_word' id='word_1_316' title='bbox 726 4897 803 4959; x_wconf 88' lang='lat' dir='ltr'>etat</span> <span class='ocrx_word' id='word_1_317' title='bbox 826 4902 906 4955; x_wconf 92' lang='lat' dir='ltr'>cum</span> <span class='ocrx_word' id='word_1_318' title='bbox 930 4880 1117 4958; x_wconf 88' lang='lat' dir='ltr'>clarissimo</span> <span class='ocrx_word' id='word_1_319' title='bbox 1142 4880 1217 4957; x_wconf 85' lang='lat' dir='ltr'>siro</span> <span class='ocrx_word' id='word_1_320' title='bbox 1246 4881 1491 4955; x_wconf 79' lang='lat' dir='ltr'>Andromacho</span> <span class='ocrx_word' id='word_1_321' title='bbox 1506 4878 1644 4955; x_wconf 89' lang='lat' dir='ltr'>Milano</span> <span class='ocrx_word' id='word_1_322' title='bbox 1666 4878 1899 4961; x_wconf 84' lang='lat' dir='ltr'>benivolentia</span> <span class='ocrx_word' id='word_1_323' title='bbox 1923 4884 2005 4968; x_wconf 78' lang='lat' dir='ltr'>tffs·</span> 
     </span>
    </p>

    <p class='ocr_par' dir='ltr' id='par_1_6' title="bbox 367 4980 2057 6481">
     <span class='ocr_line' id='line_1_34' title="bbox 400 4980 2006 5078; baseline -0.007 -17"><span class='ocrx_word' id='word_1_324' title='bbox 400 4987 451 5061; x_wconf 92' lang='lat' dir='ltr'>cit</span> <span class='ocrx_word' id='word_1_325' title='bbox 500 4980 735 5060; x_wconf 67' lang='lat' dir='ltr'>summissior</span> <span class='ocrx_word' id='word_1_326' title='bbox 761 4980 854 5057; x_wconf 86' lang='lat' dir='ltr'>viri:</span> <span class='ocrx_word' id='word_1_327' title='bbox 885 4999 922 5057; x_wconf 93' lang='grc' dir='ltr'>ιιι</span> <span class='ocrx_word' id='word_1_328' title='bbox 945 4984 1229 5078; x_wconf 85' lang='lat' dir='ltr'>inconspectum</span> <span class='ocrx_word' id='word_1_329' title='bbox 1254 4996 1405 5055; x_wconf 64' lang='lat' dir='ltr'>sottum</span> <span class='ocrx_word' id='word_1_330' title='bbox 1431 4980 1497 5057; x_wconf 90' lang='lat' dir='ltr'>iter</span> <span class='ocrx_word' id='word_1_331' title='bbox 1521 4984 1729 5077; x_wconf 86' lang='lat' dir='ltr'>susciperem</span> <span class='ocrx_word' id='word_1_332' title='bbox 1747 5032 1757 5053; x_wconf 85' lang='lat'>.</span> <span class='ocrx_word' id='word_1_333' title='bbox 1777 4982 1915 5075; x_wconf 83' lang='lat' dir='ltr'>Decius</span> <span class='ocrx_word' id='word_1_334' title='bbox 1933 4986 2006 5065; x_wconf 85' lang='lat' dir='ltr'>lau.</span> 
     </span>
     <span class='ocr_line' id='line_1_35' title="bbox 372 5078 2006 5181; baseline 0.001 -18"><span class='ocrx_word' id='word_1_335' title='bbox 372 5086 470 5163; x_wconf 90' lang='lat' dir='ltr'>dibus</span> <span class='ocrx_word' id='word_1_336' title='bbox 495 5102 605 5179; x_wconf 86' lang='lat' dir='ltr'>pauca</span> <span class='ocrx_word' id='word_1_337' title='bbox 628 5082 805 5159; x_wconf 90' lang='lat' dir='ltr'>dictutus.</span> <span class='ocrx_word' id='word_1_338' title='bbox 830 5081 925 5157; x_wconf 87' lang='lat' dir='ltr'>Nam</span> <span class='ocrx_word' id='word_1_339' title='bbox 952 5083 981 5156; x_wconf 94' lang='lat' dir='ltr'>si</span> <span class='ocrx_word' id='word_1_340' title='bbox 1006 5083 1076 5157; x_wconf 91' lang='lat' dir='ltr'>alio</span> <span class='ocrx_word' id='word_1_341' title='bbox 1101 5078 1239 5155; x_wconf 87' lang='lat' dir='ltr'>fuissem</span> <span class='ocrx_word' id='word_1_342' title='bbox 1265 5079 1382 5155; x_wconf 88' lang='lat' dir='ltr'>animo</span> <span class='ocrx_word' id='word_1_343' title='bbox 1410 5100 1481 5155; x_wconf 92' lang='lat' dir='ltr'>non</span> <span class='ocrx_word' id='word_1_344' title='bbox 1505 5082 1715 5157; x_wconf 89' lang='lat' dir='ltr'>mediocrem</span> <span class='ocrx_word' id='word_1_345' title='bbox 1753 5082 2006 5181; x_wconf 86' lang='lat' dir='ltr'>ingtatitudinis</span> 
     </span>
     <span class='ocr_line' id='line_1_36' title="bbox 373 5177 2057 5287; baseline 0.002 -26"><span class='ocrx_word' id='word_1_346' title='bbox 373 5202 495 5287; x_wconf 79' lang='lat' dir='ltr'>notam</span> <span class='ocrx_word' id='word_1_347' title='bbox 513 5177 698 5273; x_wconf 54' lang='lat' dir='ltr'>‘subiisem</span> <span class='ocrx_word' id='word_1_348' title='bbox 724 5181 779 5258; x_wconf 76' lang='lat' dir='ltr'>Ab</span> <span class='ocrx_word' id='word_1_349' title='bbox 804 5200 849 5258; x_wconf 91' lang='lat' dir='ltr'>eo</span> <span class='ocrx_word' id='word_1_350' title='bbox 874 5203 958 5257; x_wconf 85' lang='lat' dir='ltr'>sero</span> <span class='ocrx_word' id='word_1_351' title='bbox 983 5182 1077 5279; x_wconf 88' lang='lat' dir='ltr'>quod</span> <span class='ocrx_word' id='word_1_352' title='bbox 1101 5182 1251 5259; x_wconf 89' lang='lat' dir='ltr'>immane</span> <span class='ocrx_word' id='word_1_353' title='bbox 1276 5196 1327 5255; x_wconf 90' lang='lat' dir='ltr'>est</span> <span class='ocrx_word' id='word_1_354' title='bbox 1350 5198 1387 5256; x_wconf 90' lang='lat' dir='ltr'>et</span> <span class='ocrx_word' id='word_1_355' title='bbox 1413 5195 1542 5256; x_wconf 89' lang='lat' dir='ltr'>tetrum</span> <span class='ocrx_word' id='word_1_356' title='bbox 1566 5203 1702 5277; x_wconf 85' lang='lat' dir='ltr'>semper</span> <span class='ocrx_word' id='word_1_357' title='bbox 1725 5180 1853 5259; x_wconf 84' lang='lat' dir='ltr'>alienrn</span> <span class='ocrx_word' id='word_1_358' title='bbox 1876 5189 2005 5264; x_wconf 81' lang='lat' dir='ltr'>extiti.</span> <span class='ocrx_word' id='word_1_359' title='bbox 2054 5207 2057 5210; x_wconf 64' lang='lat'>‘</span> 
     </span>
     <span class='ocr_line' id='line_1_37' title="bbox 367 5276 2006 5379; baseline 0.002 -18"><span class='ocrx_word' id='word_1_360' title='bbox 367 5286 459 5361; x_wconf 92' lang='lat' dir='ltr'>Non</span> <span class='ocrx_word' id='word_1_361' title='bbox 491 5284 587 5359; x_wconf 89' lang='lat' dir='ltr'>enim</span> <span class='ocrx_word' id='word_1_362' title='bbox 613 5282 713 5360; x_wconf 83' lang='lat' dir='ltr'>video</span> <span class='ocrx_word' id='word_1_363' title='bbox 737 5278 820 5379; x_wconf 81' lang='lat' dir='ltr'>quid</span> <span class='ocrx_word' id='word_1_364' title='bbox 844 5283 974 5379; x_wconf 90' lang='lat' dir='ltr'>turpius</span> <span class='ocrx_word' id='word_1_365' title='bbox 1000 5302 1071 5359; x_wconf 89' lang='lat' dir='ltr'>esse</span> <span class='ocrx_word' id='word_1_366' title='bbox 1097 5297 1227 5378; x_wconf 88' lang='lat' dir='ltr'>queat:</span> <span class='ocrx_word' id='word_1_367' title='bbox 1252 5301 1353 5375; x_wconf 89' lang='lat' dir='ltr'>quam</span> <span class='ocrx_word' id='word_1_368' title='bbox 1385 5276 1436 5354; x_wconf 86' lang='lat' dir='ltr'>lsis</span> <span class='ocrx_word' id='word_1_369' title='bbox 1460 5279 1621 5379; x_wconf 88' lang='lat' dir='ltr'>aquibus</span> <span class='ocrx_word' id='word_1_370' title='bbox 1659 5278 1834 5375; x_wconf 88' lang='lat' dir='ltr'>diligimur</span> <span class='ocrx_word' id='word_1_371' title='bbox 1859 5287 2006 5365; x_wconf 86' lang='lat' dir='ltr'>colimur</span> 
     </span>
     <span class='ocr_line' id='line_1_38' title="bbox 368 5378 2007 5482; baseline 0.001 -23"><span class='ocrx_word' id='word_1_372' title='bbox 368 5404 526 5459; x_wconf 86' lang='lat' dir='ltr'>amamur</span> <span class='ocrx_word' id='word_1_373' title='bbox 549 5382 586 5455; x_wconf 92' lang='lat' dir='ltr'>in</span> <span class='ocrx_word' id='word_1_374' title='bbox 610 5404 727 5459; x_wconf 89' lang='lat' dir='ltr'>amore</span> <span class='ocrx_word' id='word_1_375' title='bbox 752 5378 901 5457; x_wconf 89' lang='lat' dir='ltr'>minime</span> <span class='ocrx_word' id='word_1_376' title='bbox 927 5383 1155 5477; x_wconf 88' lang='lat' dir='ltr'>respondete.</span> <span class='ocrx_word' id='word_1_377' title='bbox 1184 5378 1239 5454; x_wconf 85' lang='lat' dir='ltr'>Ab</span> <span class='ocrx_word' id='word_1_378' title='bbox 1263 5380 1509 5455; x_wconf 77' lang='lat' dir='ltr'>Andromacho</span> <span class='ocrx_word' id='word_1_379' title='bbox 1532 5379 1651 5456; x_wconf 89' lang='lat' dir='ltr'>omnia</span> <span class='ocrx_word' id='word_1_380' title='bbox 1676 5380 1756 5453; x_wconf 84' lang='lat' dir='ltr'>milri</span> <span class='ocrx_word' id='word_1_381' title='bbox 1782 5403 1916 5478; x_wconf 90' lang='lat' dir='ltr'>semper</span> <span class='ocrx_word' id='word_1_382' title='bbox 1941 5409 2007 5482; x_wconf 86' lang='lat' dir='ltr'>po·</span> 
     </span>
     <span class='ocr_line' id='line_1_39' title="bbox 367 5476 2004 5580; baseline -0.001 -21"><span class='ocrx_word' id='word_1_383' title='bbox 367 5480 518 5559; x_wconf 86' lang='lat' dir='ltr'>stolata:</span> <span class='ocrx_word' id='word_1_384' title='bbox 543 5502 620 5580; x_wconf 85' lang='lat' dir='ltr'>quaa</span> <span class='ocrx_word' id='word_1_385' title='bbox 640 5478 729 5570; x_wconf 87' lang='lat' dir='ltr'>justa</span> <span class='ocrx_word' id='word_1_386' title='bbox 753 5495 852 5557; x_wconf 89' lang='lat' dir='ltr'>erant</span> <span class='ocrx_word' id='word_1_387' title='bbox 878 5496 982 5579; x_wconf 88' lang='lat' dir='ltr'>atque</span> <span class='ocrx_word' id='word_1_388' title='bbox 1007 5484 1153 5557; x_wconf 63' lang='lat' dir='ltr'>honora</span> <span class='ocrx_word' id='word_1_389' title='bbox 1176 5477 1395 5560; x_wconf 78' lang='lat' dir='ltr'>acciderunt.</span> <span class='ocrx_word' id='word_1_390' title='bbox 1434 5479 1599 5578; x_wconf 80' lang='lat' dir='ltr'>Qasresi</span> <span class='ocrx_word' id='word_1_391' title='bbox 1624 5480 1660 5551; x_wconf 92' lang='lat' dir='ltr'>io</span> <span class='ocrx_word' id='word_1_392' title='bbox 1684 5500 1730 5553; x_wconf 90' lang='lat' dir='ltr'>eo</span> <span class='ocrx_word' id='word_1_393' title='bbox 1754 5476 1908 5558; x_wconf 85' lang='lat' dir='ltr'>laudibus</span> <span class='ocrx_word' id='word_1_394' title='bbox 1931 5482 2004 5559; x_wconf 91' lang='lat' dir='ltr'>col·</span> 
     </span>
     <span class='ocr_line' id='line_1_40' title="bbox 367 5578 2005 5679; baseline 0 -22"><span class='ocrx_word' id='word_1_395' title='bbox 367 5582 542 5659; x_wconf 90' lang='lat' dir='ltr'>laudando</span> <span class='ocrx_word' id='word_1_396' title='bbox 566 5578 739 5679; x_wconf 81' lang='lat' dir='ltr'>paululum</span> <span class='ocrx_word' id='word_1_397' title='bbox 765 5579 925 5657; x_wconf 80' lang='lat' dir='ltr'>venabor</span> <span class='ocrx_word' id='word_1_398' title='bbox 947 5579 1063 5656; x_wconf 89' lang='lat' dir='ltr'>mirari</span> <span class='ocrx_word' id='word_1_399' title='bbox 1087 5578 1271 5655; x_wconf 91' lang='lat' dir='ltr'>desinetis.</span> <span class='ocrx_word' id='word_1_400' title='bbox 1299 5581 1557 5655; x_wconf 78' lang='lat' dir='ltr'>Andromachus</span> <span class='ocrx_word' id='word_1_401' title='bbox 1581 5594 1699 5655; x_wconf 91' lang='lat' dir='ltr'>noster</span> <span class='ocrx_word' id='word_1_402' title='bbox 1736 5599 1877 5673; x_wconf 89' lang='lat' dir='ltr'>parente</span> <span class='ocrx_word' id='word_1_403' title='bbox 1911 5600 2005 5659; x_wconf 90' lang='lat' dir='ltr'>ortus</span> 
     </span>
     <span class='ocr_line' id='line_1_41' title="bbox 372 5677 2007 5780; baseline -0.002 -21"><span class='ocrx_word' id='word_1_404' title='bbox 372 5700 429 5759; x_wconf 90' lang='lat' dir='ltr'>est</span> <span class='ocrx_word' id='word_1_405' title='bbox 447 5678 584 5776; x_wconf 84' lang='lat' dir='ltr'>Jacobo</span> <span class='ocrx_word' id='word_1_406' title='bbox 610 5677 760 5757; x_wconf 87' lang='lat' dir='ltr'>miliano</span> <span class='ocrx_word' id='word_1_407' title='bbox 783 5681 969 5759; x_wconf 89' lang='lat' dir='ltr'>clarissimo</span> <span class='ocrx_word' id='word_1_408' title='bbox 994 5697 1031 5759; x_wconf 89' lang='lat' dir='ltr'>et</span> <span class='ocrx_word' id='word_1_409' title='bbox 1057 5677 1332 5777; x_wconf 78' lang='lat' dir='ltr'>ptoestmtissimo</span> <span class='ocrx_word' id='word_1_410' title='bbox 1358 5680 1562 5780; x_wconf 85' lang='lat' dir='ltr'>philosopho</span> <span class='ocrx_word' id='word_1_411' title='bbox 1585 5702 1627 5753; x_wconf 88' lang='lat' dir='ltr'>ac</span> <span class='ocrx_word' id='word_1_412' title='bbox 1653 5677 1819 5755; x_wconf 90' lang='lat' dir='ltr'>Medico.</span> <span class='ocrx_word' id='word_1_413' title='bbox 1846 5682 1877 5759; x_wconf 92' lang='lat' dir='ltr'>ls</span> <span class='ocrx_word' id='word_1_414' title='bbox 1901 5702 2007 5780; x_wconf 90' lang='lat' dir='ltr'>quan·</span> 
     </span>
     <span class='ocr_line' id='line_1_42' title="bbox 376 5776 2008 5879; baseline -0.001 -21"><span class='ocrx_word' id='word_1_415' title='bbox 376 5800 433 5858; x_wconf 88' lang='lat' dir='ltr'>tus</span> <span class='ocrx_word' id='word_1_416' title='bbox 456 5776 565 5857; x_wconf 90' lang='lat' dir='ltr'>fuerit</span> <span class='ocrx_word' id='word_1_417' title='bbox 586 5778 696 5857; x_wconf 84' lang='lat' dir='ltr'>tritus</span> <span class='ocrx_word' id='word_1_418' title='bbox 709 5782 853 5857; x_wconf 89' lang='lat' dir='ltr'>docuit.</span> <span class='ocrx_word' id='word_1_419' title='bbox 870 5784 963 5859; x_wconf 88' lang='lat' dir='ltr'>Nam</span> <span class='ocrx_word' id='word_1_420' title='bbox 992 5801 1218 5878; x_wconf 84' lang='lat' dir='ltr'>posteaquam</span> <span class='ocrx_word' id='word_1_421' title='bbox 1243 5778 1438 5856; x_wconf 89' lang='lat' dir='ltr'>aMarsilio</span> <span class='ocrx_word' id='word_1_422' title='bbox 1464 5776 1741 5879; x_wconf 64' lang='lat' dir='ltr'>pataviumque</span> <span class='ocrx_word' id='word_1_423' title='bbox 1765 5798 1840 5857; x_wconf 90' lang='lat' dir='ltr'>etas</span> <span class='ocrx_word' id='word_1_424' title='bbox 1865 5778 1922 5857; x_wconf 87' lang='lat' dir='ltr'>illa</span> <span class='ocrx_word' id='word_1_425' title='bbox 1936 5779 2008 5856; x_wconf 82' lang='lat' dir='ltr'>nul·</span> 
     </span>
     <span class='ocr_line' id='line_1_43' title="bbox 378 5880 2008 5976; baseline -0.001 -19"><span class='ocrx_word' id='word_1_426' title='bbox 378 5880 450 5957; x_wconf 87' lang='lat' dir='ltr'>lum</span> <span class='ocrx_word' id='word_1_427' title='bbox 476 5881 560 5957; x_wconf 84' lang='lat' dir='ltr'>sidit</span> <span class='ocrx_word' id='word_1_428' title='bbox 584 5880 757 5957; x_wconf 89' lang='lat' dir='ltr'>medicum</span> <span class='ocrx_word' id='word_1_429' title='bbox 780 5904 844 5957; x_wconf 89' lang='lat' dir='ltr'>nec</span> <span class='ocrx_word' id='word_1_430' title='bbox 869 5883 1066 5959; x_wconf 90' lang='lat' dir='ltr'>doctiorem</span> <span class='ocrx_word' id='word_1_431' title='bbox 1092 5901 1158 5958; x_wconf 93' lang='lat' dir='ltr'>nec</span> <span class='ocrx_word' id='word_1_432' title='bbox 1183 5880 1444 5976; x_wconf 80' lang='lat' dir='ltr'>prestantiorem</span> <span class='ocrx_word' id='word_1_433' title='bbox 1468 5881 1668 5955; x_wconf 90' lang='lat' dir='ltr'>doctoratus</span> <span class='ocrx_word' id='word_1_434' title='bbox 1692 5900 1833 5959; x_wconf 86' lang='lat' dir='ltr'>munere</span> <span class='ocrx_word' id='word_1_435' title='bbox 1869 5900 2008 5957; x_wconf 88' lang='lat' dir='ltr'>ornatus</span> 
     </span>
     <span class='ocr_line' id='line_1_44' title="bbox 379 5977 2008 6077; baseline -0.002 -22"><span class='ocrx_word' id='word_1_436' title='bbox 379 5994 459 6055; x_wconf 88' lang='lat' dir='ltr'>est:</span> <span class='ocrx_word' id='word_1_437' title='bbox 485 5980 673 6061; x_wconf 89' lang='lat' dir='ltr'>bononiam</span> <span class='ocrx_word' id='word_1_438' title='bbox 698 5982 765 6057; x_wconf 89' lang='lat' dir='ltr'>iter</span> <span class='ocrx_word' id='word_1_439' title='bbox 791 5981 959 6057; x_wconf 89' lang='lat' dir='ltr'>contulit.</span> <span class='ocrx_word' id='word_1_440' title='bbox 986 5986 1024 6059; x_wconf 92' lang='lat' dir='ltr'>ln</span> <span class='ocrx_word' id='word_1_441' title='bbox 1049 6004 1093 6073; x_wconf 88' lang='lat' dir='ltr'>ea</span> <span class='ocrx_word' id='word_1_442' title='bbox 1116 6001 1223 6055; x_wconf 89' lang='lat' dir='ltr'>annos</span> <span class='ocrx_word' id='word_1_443' title='bbox 1248 5977 1321 6076; x_wconf 90' lang='lat' dir='ltr'>plus</span> <span class='ocrx_word' id='word_1_444' title='bbox 1345 5979 1561 6077; x_wconf 87' lang='lat' dir='ltr'>septuaginta</span> <span class='ocrx_word' id='word_1_445' title='bbox 1575 5995 1734 6055; x_wconf 55' lang='lat' dir='ltr'>‘moratus</span> <span class='ocrx_word' id='word_1_446' title='bbox 1770 5980 1933 6056; x_wconf 88' lang='lat' dir='ltr'>estetsi</span> <span class='ocrx_word' id='word_1_447' title='bbox 1957 5982 2008 6053; x_wconf 92' lang='lat' dir='ltr'>in·</span> 
     </span>
     <span class='ocr_line' id='line_1_45' title="bbox 375 6075 2009 6179; baseline -0.001 -24"><span class='ocrx_word' id='word_1_448' title='bbox 375 6082 539 6175; x_wconf 85' lang='lat' dir='ltr'>tetrupsis&#39;</span> <span class='ocrx_word' id='word_1_449' title='bbox 560 6081 805 6179; x_wconf 87' lang='lat' dir='ltr'>temporibusa</span> <span class='ocrx_word' id='word_1_450' title='bbox 827 6082 1049 6179; x_wconf 88' lang='lat' dir='ltr'>Regiensibus</span> <span class='ocrx_word' id='word_1_451' title='bbox 1073 6097 1111 6157; x_wconf 88' lang='lat' dir='ltr'>et</span> <span class='ocrx_word' id='word_1_452' title='bbox 1137 6080 1387 6157; x_wconf 88' lang='lat' dir='ltr'>Mutinensibus</span> <span class='ocrx_word' id='word_1_453' title='bbox 1413 6078 1548 6175; x_wconf 87' lang='lat' dir='ltr'>publica</span> <span class='ocrx_word' id='word_1_454' title='bbox 1571 6075 1674 6157; x_wconf 83' lang='lat' dir='ltr'>fuerit</span> <span class='ocrx_word' id='word_1_455' title='bbox 1698 6080 1855 6156; x_wconf 87' lang='lat' dir='ltr'>mercede</span> <span class='ocrx_word' id='word_1_456' title='bbox 1878 6082 2009 6155; x_wconf 87' lang='lat' dir='ltr'>condu-</span> 
     </span>
     <span class='ocr_line' id='line_1_46' title="bbox 376 6173 2009 6279; baseline 0 -26"><span class='ocrx_word' id='word_1_457' title='bbox 376 6199 455 6254; x_wconf 93' lang='lat' dir='ltr'>ctus</span> <span class='ocrx_word' id='word_1_458' title='bbox 478 6200 557 6255; x_wconf 89' lang='lat' dir='ltr'>eum</span> <span class='ocrx_word' id='word_1_459' title='bbox 582 6202 620 6257; x_wconf 88' lang='lat' dir='ltr'>sa</span> <span class='ocrx_word' id='word_1_460' title='bbox 641 6182 783 6279; x_wconf 84' lang='lat' dir='ltr'>praebuit</span> <span class='ocrx_word' id='word_1_461' title='bbox 804 6181 945 6279; x_wconf 86' lang='lat' dir='ltr'>qualem</span> <span class='ocrx_word' id='word_1_462' title='bbox 970 6182 1016 6259; x_wconf 92' lang='lat' dir='ltr'>illi</span> <span class='ocrx_word' id='word_1_463' title='bbox 1041 6180 1210 6278; x_wconf 86' lang='lat' dir='ltr'>optabant</span> <span class='ocrx_word' id='word_1_464' title='bbox 1229 6182 1288 6255; x_wconf 87' lang='lat' dir='ltr'>.ls</span> <span class='ocrx_word' id='word_1_465' title='bbox 1312 6205 1355 6261; x_wconf 86' lang='lat' dir='ltr'>es</span> <span class='ocrx_word' id='word_1_466' title='bbox 1384 6180 1501 6256; x_wconf 85' lang='lat' dir='ltr'>Leona</span> <span class='ocrx_word' id='word_1_467' title='bbox 1527 6173 1741 6276; x_wconf 85' lang='lat' dir='ltr'>pudicissima</span> <span class='ocrx_word' id='word_1_468' title='bbox 1766 6194 1921 6253; x_wconf 74' lang='lat' dir='ltr'>mamona</span> <span class='ocrx_word' id='word_1_469' title='bbox 1938 6182 2009 6253; x_wconf 77' lang='lat' dir='ltr'>An·</span> 
     </span>
     <span class='ocr_line' id='line_1_47' title="bbox 377 6277 2010 6481; baseline 0 -126"><span class='ocrx_word' id='word_1_470' title='bbox 377 6280 579 6358; x_wconf 86' lang='lat' dir='ltr'>romaclsum</span> <span class='ocrx_word' id='word_1_471' title='bbox 603 6286 749 6381; x_wconf 87' lang='lat' dir='ltr'>suscepit</span> <span class='ocrx_word' id='word_1_472' title='bbox 775 6289 831 6359; x_wconf 88' lang='lat' dir='ltr'>cui</span> <span class='ocrx_word' id='word_1_473' title='bbox 856 6301 896 6359; x_wconf 87' lang='lat' dir='ltr'>ut</span> <span class='ocrx_word' id='word_1_474' title='bbox 919 6286 1005 6363; x_wconf 90' lang='lat' dir='ltr'>etati</span> <span class='ocrx_word' id='word_1_475' title='bbox 1032 6282 1328 6481; x_wconf 43' lang='lat' dir='ltr'>robuhaccessit:</span> <span class='ocrx_word' id='word_1_476' title='bbox 1350 6277 1543 6361; x_wconf 78' lang='lat' dir='ltr'>castissimis</span> <span class='ocrx_word' id='word_1_477' title='bbox 1579 6279 1852 6380; x_wconf 83' lang='lat' dir='ltr'>praceptotibus</span> <span class='ocrx_word' id='word_1_478' title='bbox 1874 6295 1914 6355; x_wconf 88' lang='lat' dir='ltr'>ct</span> <span class='ocrx_word' id='word_1_479' title='bbox 1933 6300 2010 6389; x_wconf 73' lang='lat' dir='ltr'>om,</span> 
     </span>
    </p>

    <p class='ocr_par' dir='ltr' id='par_1_7' title="bbox 1184 6400 1966 6459">
     <span class='ocr_line' id='line_1_48' title="bbox 1184 6400 1966 6459; baseline -0.005 0"><span class='ocrx_word' id='word_1_480' title='bbox 1184 6402 1206 6459; x_wconf 86' lang='lat' dir='ltr'>a</span> <span class='ocrx_word' id='word_1_481' title='bbox 1916 6400 1966 6455; x_wconf 89' lang='lat' dir='ltr'>nss</span> 
     </span>
    </p>
   </div>
   <div class='ocr_carea' id='block_1_6' title="bbox 0 0 2796 7893">
    <p class='ocr_par' dir='ltr' id='par_1_8' title="bbox 0 0 2796 7893">
     <span class='ocr_line' id='line_1_49' title="bbox 0 0 2796 7893; baseline 0 0"><span class='ocrx_word' id='word_1_482' title='bbox 0 0 2796 7893; x_wconf 95' lang='lat' dir='ltr'> </span> 
     </span>
    </p>
   </div>
  </div>
 </body>
</html>
