5584 7900
821 904 882 1025 ἰι
1181 936 1524 1018 insinues·
1558 880 1588 1010 n
1627 932 2069 1012 connnzrour

831 1140 869 1191 ra
894 1113 1030 1211 fideque
1054 1135 1131 1189 mea
1153 1110 1288 1187 voluisti
1308 1109 1459 1205 ‚Neque
1478 1120 1723 1204 preceptorem
1749 1102 1860 1179 liberis
1877 1103 1944 1177 ruis
1963 1100 2242 1200 prospiciendum
2268 1106 2346 1184 sine
2371 1132 2477 1207 quan·

831 1216 1052 1311 tulocumque
1077 1211 1205 1305 iudicio
1229 1234 1310 1283 mco
1336 1208 1462 1303 putasti
1476 1230 1495 1298 ς,
1515 1229 1581 1303 qua
1606 1208 1641 1297 in
1665 1225 1701 1300 re
1727 1204 1827 1281 velim
1850 1203 2026 1279 existimes
2048 1203 2139 1277 nibil
2164 1230 2184 1281 a
2212 1230 2269 1282 me
2315 1210 2390 1285 liert
2417 1236 2479 1305 po·

832 1320 934 1390 tuisse
958 1315 1164 1401 studiosius,
1189 1309 1346 1397 fidelius,
1374 1308 1645 1396 consideratius,
1671 1302 1890 1404 diligentius.
1914 1302 2027 1378 Testis
2053 1322 2106 1377 est
2133 1306 2267 1383 Marius
2292 1326 2406 1385 noster
2426 1313 2476 1385 uir

832 1420 989 1515 integer,
1015 1416 1137 1489 doctus
1155 1457 1164 1498 ,
1185 1428 1237 1510 et
1247 1405 1361 1505 frugi,
1389 1406 1457 1481 Cui
1482 1423 1518 1481 ιι
1544 1406 1651 1481 libera
1687 1402 1881 1501 paciscendi
1925 1406 2090 1479 mandata
2125 1406 2296 1497 dederas,
2323 1408 2399 1486 Nor
2441 1412 2476 1485 in

833 1516 1074 1616 pertractando
1099 1504 1523 1609 negocio-oculatissimus
1548 1500 1649 1609 fuisse
1676 1526 1717 1609 ac
1743 1526 1819 1609 rqea
1843 1504 1983 1603 quidem
2009 1522 2045 1579 et
2076 1502 2219 1581 Romuli
2235 1510 2369 1590 Amasti
2398 1530 2476 1585 sen·

799 1602 1040 1714 [reprimit
1064 1627 1118 1693 est
1144 1613 1317 1710 Gquaeus
1342 1604 1561 1705 integritate,
1592 1598 1757 1715 questia
1774 1649 1784 1695 ,
1801 1604 1966 1678 bonarum
1992 1592 2302 1683 arrium‘docruoa
2320 1655 2330 1696 ,
2349 1607 2472 1707 lingue

832 1706 954 1817 grace
980 1732 1018 1791 et
1040 1711 1156 1787 latinae
1184 1709 1377 1800 facultate,
1403 1725 1442 1783 ut
1468 1728 1549 1781 cum
1573 1704 1755 1797 meroribus
1798 1721 1886 1809 natu
1905 1704 2153 1797 comparandus
2191 1728 2262 1779 esse
2287 1708 2471 1799 videatur,

810 1804 1112 1913 'oo'uzqdalrbus
1138 1814 1243 1885 modo
1282 1807 1350 1883 suis
1387 1806 1680 1899 anteponendus.
1711 1802 1837 1899 Neque
1861 1824 1943 1881 vero
1971 1804 2067 1878 nobis
2091 1806 2221 1879 Amor
2243 1808 2278 1881 in
2316 1808 2414 1896 boc,
2440 1826 2477 1883 ut

829 1906 1030 2018 'plerumque
1055 1912 1096 1986 lit
1112 1903 1328 2005 ,'i'mponit.
1355 1904 1530 2001 Siquidem
1555 1905 1633 1979 satis
1660 1901 1992 1997 perspecrrm‘prius
2017 1921 2122 2000 arque
2149 1902 2333 1981 indicatam
2361 1906 2472 1982 homi·

832 2020 886 2095 nis
908 2020 1068 2112 urentem
1095 2010 1270 2085 babuimus
1286 2027 1394 2105 ,quam
1422 2005 1532 2097 ipsum
1560 2004 1627 2079 boc
1651 2025 1782 2100 amore„
1801 2024 2106 2101 prosequeremur.
2143 2003 2290 2101 Juuerri's
2334 2006 2470 2103 quidem

835 2137 890 2198 est
914 2134 1017 2189 aerrre
1041 2111 1138 2204 sed(
1157 2102 1242 2203 mihi
1267 2104 1399 2201 crede)
1424 2102 1604 2199 prudentia
1632 2125 1831 2199 morumque
1856 2104 2047 2197 prestantia
2070 2099 2186 2181 senior
2221 2126 2331 2201 quam
2373 2126 2475 2183 senex

833 2212 1078 2315 quiuis.Quid
1102 2207 1308 2305 querneru
1334 2206 1359 2277 si
1385 2198 1569 2297 periculum
1596 2198 1739 2291 leceris,
1780 2200 1861 2309 'tuum
1879 2203 2016 2288 demum
2039 2200 2273 2297 intellexeris,
2314 2227 2369 2281 me
2413 2207 2474 2279 tibi

791 2307 897 2391 ¹'bac
921 2315 955 2387 in
980 2333 1017 2384 re
1043 2307 1198 2385 obeunda
1224 2325 1295 2381 tam
1321 2303 1411 2379 bona
1436 2298 1503 2376 fide
1528 2322 1669 2397 operam
1698 2324 1832 2377 navasse
1848 2299 1924 2393 ,''ut
1950 2321 2020 2379 non
2047 2302 2187 2401 meliore
2212 2322 2307 2381 certe
2353 2325 2469 2381 meam

833 2416 945 2513 ipsius.
959 2410 1052 2486 obire
1079 2406 1276 2505 potueri-m.
1303 2404 1486 2501 Reliquum
1511 2417 1564 2487 est
1585 2414 1648 2491 ,ut
1672 2398 1698 2475 si
1724 2398 1806 2504 quid
1832 2401 1924 2477 aliud
1949 2424 2008 2497 per
2037 2425 2092 2479 me
2117 2400 2243 2479 debinc
2269 2402 2343 2482 licii
2371 2426 2472 2499 posse

836 2512 1039 2612 cogneveris
1059 2556 1068 2597 ,
1092 2507 1184 2605 quod
1218 2523 1353 2601 gratum
1394 2499 1465 2601 sibi
1483 2499 1526 2575 sit
1551 2492 1730 2613 futurum,
1754 2501 1790 2575 id
1817 2502 1978 2599 p'erquanr
2005 2498 2213 2583 familias„er
2232 2505 2376 2578 mandes
2394 2553 2406 2573 .
2427 2504 2473 2580 Et

830 2605 895 2690 'tibi
918 2614 1118 2709 persuadeas
1144 2606 1227 2681 nibil
1247 2623 1284 2679 te
1310 2600 1484 2700 magiter
1510 2600 1614 2673 animr
1641 2598 1710 2674 mei
1735 2597 2126 2692 sentcntia'iacturum,
2153 2602 2267 2697 'quam
2307 2604 2434 2683 sime
2458 2654 2468 2694 ,

833 2702 983 2809 meisque
1011 2699 1152 2785 fortunis
1189 2704 1344 2781 omnibus
1382 2700 1542 2775 arbitratu
1569 2716 1629 2773 ιιο
1655 2722 1789 2798 semper
1828 2700 1989 2777 utendum
2032 2703 2261 2781 existimaris.
2294 2700 2378 2777 Vale
2424 2720 2466 2777 et
2587 2735 2588 2743 ι

784 2834 1018 2911 ,,;.ιιι,ιιιι,
1042 2810 1135 2905 quod
1163 2819 1283 2898 mutuo
1304 2796 1399 2877 iacis.
1426 2800 1581 2882 Bononia
1606 2797 1706 2892 sexto
1731 2800 1825 2879 eidus
1842 2798 2050 2880 Decembres
2075 2798 2347 2906 Mnxxlsvrr.

791 2971 850 3128 rs
874 2972 1123 3126 ιὸἑιιιι
1152 2973 1413 3153 nutriero
1445 2970 1655 3111 ιιιιιο
1671 2966 1908 3153 'colim
1937 3032 2011 3113 Ac
2043 3006 2177 3115 ιιι
2202 2981 2477 3113 ιιιιοιι

918 3164 1323 3255 ιοιιοιιιιιι
1348 3160 1601 3253 ruentem
1629 3162 1811 3305 AEDILl
1834 3164 2117 3309 ιιιιιιιο
2150 3166 2193 3250 s.
2225 3167 2271 3246 r.
2303 3170 2361 3250 n.

785 3395 904 3502 Nemo
928 3381 1101 3503 Bonorum
1129 3378 1304 3493 quisquam
1329 3412 1408 3471 est:
1433 3356 1907 3505 qui‚.florenrissimarq„·bitnc
1934 3394 2088 3496 Patriam¹
2112 3392 2282 3493 Nostram
2310 3392 2371 3469 tibi
2402 3396 2475 3494 plu·

838 3505 960 3576 rimum
985 3500 1109 3573 debere
1135 3520 1204 3571 non
1231 3494 1382 3571 sentiat.
1410 3498 1551 3593 Quippe
1577 3500 1604 3572 is
1630 3496 1695 3587 jam
1722 3497 1765 3571 ab
1803 3492 1945 3572 incunte
1984 3500 2091 3571 aetate'
2132 3492 2223 3568 suisti
2242 3556 2258 3589 ,y
2288 3513 2326 3567 ιι
2352 3500 2471 3574 ceteris

833 3602 989 3677 omnibus
1013 3620 1143 3694 semper
1167 3593 1317 3679 extiteris
1343 3619 1432 3670 uerae
1452 3598 1553 3673 animi
1594 3595 1796 3674 Nobilitatis
1836 3596 2034 3694 exemplar,
2061 3594 2103 3671 ac
2128 3594 2183 3667 vix
2210 3594 2371 3672 credibile
2397 3598 2469 3686 sit,

833 3716 961 3799 quanta
986 3696 1087 3776 luerit
1112 3695 1243 3774 indoles
1260 3714 1333 3771 tue
1362 3698 1615 3800 istiusrvirtutip
1630 3697 1780 3788 ‚eximie
1798 3698 1927 3801 „cuiup
1952 3698 2089 3791 quidem
2116 3716 2223 3787 nuper
2248 3694 2348 3769 liores
2376 3719 2473 3773 ame·

836 3799 991 3877 nissimos
1017 3800 1259 3874 tantummodo
1283 3782 1472 3873 solebamui
1500 3798 1684 3873 admirari.
1710 3794 1934 3870 Nunc'rero‘
1950 3794 2080 3869 fructus
2108 3788 2332 3889 impiissimos
2357 3814 2395 3869 ec
2411 3799 2471 3871 ad·
2587 3816 2588 3841 ι

802 3902 992 3996 ..miramur
1016 3918 1054 3974 et
1080 3898 1256 3994 capimus.
1279 3898 1373 3971 Nam
1401 3896 1485 3995 quid
1506 3898 1644 3998 egregia
1668 3898 1702 3971 in
1729 3896 1832 3972 Ciues
1858 3911 1991 3971 nostros
2017 3892 2141 3972 merita
2168 3911 2228 3972 ιιι
2254 3915 2470 3971 commemo·

789 3992 810 4103 ι’
832 4003 936 4079 remi
961 3993 1054 4096 Quid
1080 4001 1196 4075 urbem
1223 4000 1311 4074 banc
1337 3995 1448 4076 multis
1475 3996 1561 4101 oiim
1588 3995 1753 4088 bellorum
1781 3995 1936 4091 periculis
1965 4013 2037 4071 tarn
2065 4013 2127 4078 tuo
2156 4019 2259 4094 quam,
2274 4015 2467 4069 ceterorum

831 4101 994 4187 Civitatis
1014 4117 1135 4176 uostrae
1165 4084 1360 4192 Principum
1388 4097 1539 4177 virorum
1564 4100 1699 4188 ductu,
1717 4115 1819 4192 atque
1846 4093 1974 4188 anxilio
1993 4093 2170 4170 liberatam
2190 4097 2205 4172 i
2226 4097 2319 4192 Quid
2346 4097 2469 4168 Muni-

801 4199 1007 4290 'ficcntiae,
1034 4197 1310 4292 liberalitatisque
1336 4211 1404 4272 tuae
1431 4195 1726 4296 magnitudinem?
1753 4199 1833 4294 Qua
1858 4195 1906 4270 sic
1931 4195 2061 4272 emines
2078 4242 2088 4283 ,
2104 4193 2151 4268 sic
2177 4193 2299 4286 eluces,
2328 4211 2365 4266 ut
2390 4217 2468 4266 cum

831 4301 1108 4395 prestantissimo
1131 4319 1269 4394 quoque
1295 4300 1402 4388 possis
1419 4297 1641 4390 equiparari.
1661 4298 1780 4391 ltaque
1807 4317 1877 4368 non
1903 4289 2024 4383 iniuria
2050 4293 2268 4392 superioribus
2294 4293 2473 4386 annisJu·

801 4395 805 4400 ’
833 4397 899 4473 lius
927 4398 969 4472 11.
999 4394 1158 4472 Pontifex
1183 4392 1412 4470 Maximustc
1438 4395 1490 4471 vel
1519 4395 1781 4471 Adolescentem
1809 4416 1923 4471 carum
1951 4394 1985 4466 in
2013 4393 2129 4488 primis
2168 4389 2284 4464 habuit
2302 4441 2315 4490 ,λ
2341 4391 2467 4466 Νοιι·

828 4517 887 4574 rat
913 4499 1007 4572 enim
1034 4497 1087 4571 uir
1113 4493 1171 4569 ille
1197 4493 1461 4588 sapientissimus
1481 4515 1627 4588 quantus
1649 4491 1715 4584 iam
1747 4508 1819 4566 tum
1845 4493 1948 4567 etiam
1972 4511 2095 4586 practer
2117 4509 2253 4564 etatem
2278 4511 2398 4578 esses,
2429 4493 2473 4563 si·

829 4593 926 4672 ιίιιιΙ
952 4593 1069 4670 animo
1095 4590 1319 4700 providebat,
1342 4607 1476 4682 quanto
1502 4591 1667 4664 Bononiae
1693 4586 1876 4699 prasidio,
1902 4608 2007 4686 atque
2032 4607 2236 4667 ornamento
2261 4589 2471 4684 procedente

831 4715 993 4786 tempore
1019 4691 1129 4768 sores.
1147 4696 1249 4776 Culus
1263 4685 1400 4780 quidem
1426 4706 1496 4762 tam
1524 4687 1677 4782 praeclari
1693 4685 1806 4775 ludicii
1827 4687 1999 4782 specimen
2024 4688 2057 4759 id
2084 4687 2201 4764 extitit
2219 4735 2229 4780 ,
2247 4689 2340 4785 quod
2367 4713 2469 4764 unum

832 4812 869 4868 te
893 4809 977 4867 ante
1001 4791 1085 4866 alios
1109 4807 1227 4862 omnes
1255 4787 1335 4858 Diui
1360 4785 1526 4860 Tutelaris
1552 4785 1658 4861 nostri
1686 4787 1833 4861 Petronii
1860 4807 1970 4863 rerum
1991 4807 2131 4858 summac
2149 4785 2259 4862 voluit
2284 4811 2357 4863 esse
2386 4815 2469 4882 prae·

829 4890 987 4968 sectum.
1013 4893 1094 4985 Qua
1120 4885 1156 4956 in
1180 4907 1216 4957 re
1241 4891 1367 4977 quanta
1392 4884 1544 4976 Justitia,
1568 4885 1797 4980 integritate,
1826 4883 2074 4978 temperantia,
2100 4884 2268 4984 gravitate
2287 4934 2297 4976 ,
2315 4909 2470 4964 mansue·

832 4989 1022 5081 rudineque
1047 4991 1213 5058 hactenus
1239 4981 1550 5074 ruumprestitcris
1574 4981 1749 5074 officium,
1777 5007 1848 5060 non
1882 4984 1993 5060 babeo
2027 4982 2167 5061 dicere.
2211 4983 2340 5086 Neque
2380 4993 2470 5064 enim
2587 5013 2588 5042 ι

832 5089 949 5164 laudes
975 5104 1050 5162 tuas
1077 5086 1140 5157 bac
1166 5078 1323 5176 Epistola
1347 5082 1540 5178 singularior
1567 5081 1692 5162 referre
1718 5084 1881 5160 constitui
1903 5131 1914 5176 ,
1938 5106 2013 5182 qnae
2041 5081 2147 5176 maius
2188 5086 2338 5175 ocium,
2364 5087 2473 5181 majus

808 5183 1082 5283 ¹sibivolumen
1103 5204 1292 5278 exposcunt
1314 5234 1325 5254 .
1353 5181 1495 5257 Provide
1520 5183 1573 5258 cui
1602 5207 1679 5260 narn
1707 5181 1827 5260 melius
1853 5185 1997 5262 obsecro
2022 5184 2219 5262 mortalium
2260 5187 2368 5261 dicari
2401 5195 2471 5266 bec

832 5288 957 5382 scripta
983 5287 1198 5382 potuissent,
1225 5279 1345 5378 quibus
1373 5282 1579 5356 Sanctissimi
1606 5283 1707 5358 Urbis
1734 5281 1869 5374 hujusce
1897 5283 2036 5360 Patroni
2064 5303 2167 5382 atque
2195 5284 2347 5362 Parentis
2375 5289 2474 5384 opti·

833 5393 879 5464 nti
906 5385 1078 5468 Petronii,
1106 5385 1150 5458 ad
1176 5381 1243 5456 hoc
1273 5380 1353 5455 Divi
1382 5381 1518 5456 Proculi
1546 5381 1766 5458 Bononiensis
1791 5404 1887 5480 gesta
1911 5385 2138 5460 continentur
2161 5408 2263 5482 quam
2292 5387 2351 5483 ipsi
2379 5391 2466 5480 tibi,

833 5490 888 5563 cui
914 5506 952 5560 ut
976 5485 1165 5560 certissimo
1192 5481 1311 5555 Patriae
1336 5532 1345 5574 ,
1368 5481 1610 5578 Bonorumque
1636 5484 1791 5574 praesidio
1816 5505 1935 5560 omnes
1960 5485 2087 5558 merito
2113 5487 2200 5561 bene
2226 5486 2407 5578 volumus,
2437 5505 2473 5565 et

834 5584 1031 5663 debemus?
1057 5588 1138 5658 Tuae
1164 5583 1380 5660 humanitatis.
1406 5585 1484 5671 erit,
1511 5601 1549 5656 er
1573 5579 1686 5673 iudicii
1713 5586 1786 5658 bec
1811 5585 2057 5679 qualiacunque
2092 5586 2174 5661 boni
2202 5587 2405 5676 consulere,
2423 5589 2472 5660 si·

833 5687 968 5782 mulque
982 5685 1147 5758 estimare
1167 5705 1291 5778 ,quam
1304 5679 1373 5755 'sint
1398 5685 1521 5758 ceteris
1536 5681 1746 5759 conferenda
1759 5727 1770 5773 ,
1785 5707 1861 5780 que
1885 5679 2081 5770 iamdudum
2108 5687 2172 5758 ιιι
2197 5685 2270 5781 ipsa
2294 5691 2390 5759 dere
2407 5711 2468 5782 pa·
2587 5725 2588 5738 ι

831 5807 908 5862 rum
932 5783 1047 5859 hercle
1074 5786 1254 5877 prudenter
1279 5805 1299 5854 a
1326 5781 1443 5858 nescio
1469 5807 1539 5880 quo
1564 5782 1687 5860 litteris
1713 5788 1873 5862 mandata
1899 5783 1972 5880 plus
1996 5785 2215 5861 contumeliae
2230 5805 2329 5880 quam
2357 5785 2472 5860 bono·

832 5886 898 5973 ris,
924 5900 961 5959 et
987 5906 1064 5958 mea
1089 5895 1128 5960 et
1154 5879 1296 5957 aliorum
1313 5883 1499 5972 sententia,
1525 5907 1593 5960 non
1618 5900 1688 5958 tam
1712 5887 1776 5977 piae
1802 5884 1959 5976 diuorum
1985 5885 2162 5960 memoriae
2178 5884 2361 5960 uidebatur
2378 5905 2472 5961 artu·

831 5986 933 6075 iisse,
957 6007 1060 6082 quam
1086 5980 1182 6060 nobis
1206 5980 1310 6079 ipsis,
1334 5982 1392 6069 qui
1418 6006 1472 6062 ea¹
1488 5983 1556 6072 lesi
1584 5983 1689 6084 vulgo
1726 5999 1955 6078 pateremur„
1977 6007 2054 6076 que
2080 5989 2167 6063 sanis
2207 5983 2399 6062 hominibus
2425 5989 2471 6060 ri·

832 6111 903 6161 sum
931 6108 993 6182 pro
1017 6083 1249 6159 admiratione
1276 6099 1486 6158 moverent.
1514 6083 1627 6176 Vale,
1652 6097 1691 6162 et
1716 6106 1774 6165 nte
1799 6089 1962 6166 redama.
1989 6083 2158 6164 Bononiae
2173 6109 2225 6165 ex
2251 6085 2379 6166 fidibus
2404 6107 2470 6162 no.

831 6186 933 6262 stris.
957 6183 1073 6262 idibus
1089 6181 1310 6264 'Decembris
1335 6183 1550 6262 Mnxxvr.

1533 6347 1610 6461 N

1611 6462 1652 6516 v

2377 6285 2423 6362 A.
